2925 4867
263 381 329 447 lua
661 397 690 446 s.
714 393 964 448 rnsrnsanurr

263 559 332 604 cum
345 537 701 601 uicinis‘lelmissensibus
715 538 893 611 simultates,
904 555 1074 618 quanquam
1088 529 1220 618 ejusdem
1234 539 1353 600 audonis

263 646 374 706 essent,
387 634 543 695 amicitiam
567 654 603 694 ac
617 635 727 695 auxilia
740 633 904 696 offerebant
927 635 1001 714 τεῇ.
1043 634 1159 702 Quibus
1181 635 1353 715 perbenigne

263 731 406 812 exceptis,
418 751 457 791 ne
470 731 500 790 in
515 731 670 792 obsidione
690 731 777 791 unius
802 731 882 790 urbis
906 739 1021 810 tempus
1036 741 1153 804 tereret,
1168 730 1353 810 Sagalassnm

262 840 361 888 castra
373 827 480 892 movit:
502 825 630 886 validam
651 828 753 887 urbem
766 837 797 886 et
809 826 974 906 juventutis
989 827 1094 887 robore
1108 827 1269 886 firmatam:
1290 845 1354 888 cum

262 925 341 984 enim
353 941 456 984 omues
471 921 582 982 Pisides
595 923 728 984 bellicosi
750 924 820 995 sint,
836 923 1067 1002 Sagalassenses
1086 941 1148 1002 pra
1167 923 1270 983 ceteris
1283 941 1355 1002 pug-

262 1039 353 1083 naces
370 1019 527 1078 habentur.
570 1021 619 1079 10.
640 1019 675 1090 li,
696 1037 766 1079 cum
787 1018 877 1078 etiam
891 1037 910 1078 a
923 1017 1068 1079 Telmisso
1091 1018 1240 1078 lederatm
1255 1019 1355 1079 socia·

262 1136 320 1196 que
333 1115 428 1195 copim
442 1114 603 1185 uenissent,
617 1113 687 1174 viris
701 1112 796 1193 magis
815 1132 904 1193 quam
929 1113 1076 1174 moenibus
1089 1113 1205 1184 confisi,
1218 1113 1249 1172 in
1262 1113 1355 1180 ricino

261 1210 339 1271 colle
358 1210 560 1272 instruxerant
581 1209 692 1277 aciem:
713 1219 745 1269 et
760 1209 929 1288 praemissos
953 1209 990 1268 ab
1004 1207 1172 1269 Menandro
1190 1206 1291 1267 velites
1303 1227 1356 1286 op·

261 1307 442 1386 perennitate
467 1305 524 1366 loci
548 1306 641 1385 adjuti
663 1305 853 1386 repulerant:
875 1304 929 1366 sed
947 1304 1070 1384 Agriani
1093 1304 1280 1371 resistebant,
1293 1307 1357 1383 quis

261 1404 427 1484 propinqua
433 1391 496 1482 jam
510 1401 711 1464 Macedonum
724 1401 866 1482 phalanx,
880 1411 910 1462 et
924 1411 993 1462 ante
1007 1400 1102 1481 prima
1121 1401 1208 1478 signa
1222 1419 1273 1460 rex
1286 1418 1358 1460 con·

262 1508 383 1580 spectus
406 1497 560 1558 audaciam
581 1497 746 1559 addiderat.
790 1499 837 1559 11.
859 1497 1009 1559 Maximus
1032 1496 1116 1557 militi
1131 1495 1214 1557 labor
1238 1497 1295 1556 suit
1305 1517 1360 1578 per

261 1595 356 1657 ardua
372 1595 506 1657 conniti:
525 1607 682 1673 postquam
696 1593 877 1672 sequioribus
893 1593 981 1672 paulo
995 1592 1069 1654 locis
1082 1593 1245 1654 consistere
1256 1591 1360 1656 datum

261 1702 319 1766 est,
343 1710 517 1755 semermum
540 1700 748 1751 montanorum
768 1688 877 1769 vulgus
903 1688 984 1750 haud
1012 1709 1091 1769 tegre
1113 1687 1266 1768 disjecere.
1313 1690 1360 1750 Ex

261 1787 464 1850 Macedonum
479 1786 604 1848 ducibus
619 1772 768 1845 Cleander
787 1783 973 1846 desideratus
989 1779 1059 1857 est,'¹
1071 1804 1139 1846 cum
1153 1785 1256 1864 viginti
1270 1784 1361 1846 ferme

260 1884 425 1952 militibus:
459 1884 649 1943 barbarorum
683 1878 722 1939 ad
746 1881 927 1960 quingentos
950 1880 1103 1942 cecidere:
1123 1890 1239 1940 ceteros
1270 1900 1360 1960 expe·

261 1981 324 2042 dita
348 1981 430 2060 luga,
452 1991 484 2043 et
503 1980 635 2041 locorum
658 1978 764 2038 notitia
787 1978 923 2057 protexit.
969 1980 1016 2040 12.
1048 1978 1241 2058 Fugientibus
1259 1989 1360 2040 tamen

259 2076 368 2138 institit
380 2096 433 2138 rea
444 2075 633 2138 contentione
643 2084 758 2152 quanta
774 2083 892 2152 poterat
911 2085 972 2134 tsm
991 2093 1080 2154 grave
1094 2093 1218 2154 agmem
1240 2075 1362 2137 eodem·

259 2193 319 2251 que
341 2173 451 2253 impetu
474 2174 544 2233 urbs
567 2190 669 2233 eorum
688 2180 779 2248 capta
801 2180 857 2232 est.
899 2169 956 2231 Per
983 2181 1082 2232 cetera
1104 2169 1211 2231 deinde
1239 2170 1361 2232 Pisidiae

258 2267 375 2335 munita
399 2267 467 2328 loca
493 2265 674 2328 circumtulit
701 2265 836 2326 bellum:
872 2282 996 2343 quorum
1024 2263 1167 2324 nonnulla
1194 2267 1361 2345 pugnando

259 2364 358 2442 cepit;
392 2363 451 2422 alia
478 2361 695 2424 conditionibus
723 2361 755 2420 iu
782 2359 871 2420 fldem
899 2371 1054 2421 venerunt.
1102 2363 1145 2420 13.
1181 2360 1361 2423 Telmissum

259 2469 470 2538 expugnatam,
484 2460 523 2518 ob
536 2457 726 2538 pertinaciam
741 2456 860 2528 civium,
874 2456 939 2516 solo
960 2455 1108 2535 equaritt
1120 2457 1127 2491 ¹
1146 2456 1258 2535 populo
1272 2457 1361 2520 liber·

259 2564 351 2616 tatem
371 2553 497 2622 ademit:
519 2565 551 2614 et
563 2551 653 2632 paulo
667 2561 747 2632 post,
762 2569 830 2611 cum
845 2550 910 2610 aliis
927 2551 1103 2630 quibusdam
1120 2550 1240 2610 Pisidiae
1256 2553 1360 2613 ciuita-

258 2650 349 2723 tibus,
372 2649 557 2710 Celoenamm
579 2649 763 2729 preelectum
787 2647 958 2708 contribuit.
1003 2649 1050 2707 14.
1083 2647 1200 2706 Pacatis
1223 2647 1305 2709 hunc
1329 2651 1360 2709 in

258 2745 379 2807 modum
393 2745 560 2828 asperrimis
578 2745 761 2814 nationibus,
776 2744 806 2804 iu
821 2743 981 2824 Phrygiam
1006 2737 1175 2822 processit*
1188 2761 1250 2823 qua
1264 2746 1360 2806 Asca·

258 2842 326 2902 nius
346 2840 430 2901 lacus
458 2851 515 2908 est,
535 2841 620 2919 cujus
644 2859 724 2920 aqua
750 2859 806 2900 sna
829 2853 935 2919 sponte
960 2858 1154 2900 concrescens
1179 2841 1359 2901 necessitate

258 2935 329 2996 salis
343 2956 360 2996 e
375 2936 537 3014 longinquo
550 2936 673 3017 petendi
698 2935 788 2998 solvit
810 2936 939 2997 accolas.
986 2938 1032 2996 15.
1053 2934 1133 2995 Dum
1147 2953 1183 2994 ea
1206 2948 1359 3014 geruntur,
1445 2993 1446 3019 ,

259 3031 402 3092 Memnon
416 3049 534 3092 suarum
548 3032 674 3112 partium
697 3031 829 3110 reliquiis
854 3031 984 3111 undique
1005 3028 1150 3102 collectis,
1164 3040 1198 3089 ut
1211 3031 1357 3092 inhaeren-

257 3139 318 3188 tem
331 3127 412 3188 Asine
431 3123 633 3188 Alexandrum
657 3136 858 3206 extorqueret,
879 3125 919 3186 ad
942 3125 1053 3186 bellurn
1070 3124 1196 3184 Grmcioe
1212 3125 1357 3187 Macedo-

257 3222 374 3303 niaeque
395 3222 581 3284 inferendum
607 3222 804 3300 cogitationes
832 3215 995 3284 convertit.¹
1039 3221 1087 3281 16.
1108 3219 1225 3300 Quippe
1248 3221 1357 3283 Darius

256 3321 287 3378 in
314 3319 372 3380 hoc
398 3339 458 3381 uno
485 3338 567 3398 spem
596 3337 755 3399 reponens,
783 3317 834 3398 qui
859 3317 978 3380 victoris
1000 3317 1140 3396 impetum
1170 3335 1225 3376 sus
1249 3319 1355 3379 virtute

257 3435 370 3494 suaque
397 3414 556 3495 prudentia
579 3414 745 3474 diutissime
770 3414 808 3474 ad
835 3414 1080 3475 Halicarnassum
1108 3423 1240 3475 moratus
1264 3427 1354 3488 esset,

252 3529 380 3570 summa
394 3528 490 3570 rerum
507 3508 680 3588 prefecerat
693 3529 772 3582 eum,
788 3528 986 3589 magnamque
1001 3510 1133 3588 pecumoe
1147 3511 1206 3569 vim
1220 3513 1355 3570 transmi-

252 3617 346 3666 serat.
389 3606 436 3664 17.
458 3603 562 3682 ltaque
575 3604 819 3666 mercenariorum
836 3623 924 3664 manu
938 3615 1179 3686 quantapoterat
1192 3607 1353 3677 conducta,
1443 3625 1444 3629 ¹

256 3723 325 3762 cum
338 3708 534 3766 trecentarum
556 3700 673 3760 narium
693 3701 792 3780 classe
813 3700 906 3761 libero
927 3702 999 3761 mari
1014 3702 1214 3780 vagabamur
1233 3715 1262 3762 et
1282 3721 1352 3781 qum

255 3798 347 3859 mods
364 3795 520 3856 conatibus
538 3795 663 3857 adversa
684 3796 731 3856 vel
753 3815 840 3876 aequa
863 3797 962 3856 lutura
983 3808 1084 3858 essent
1101 3797 1202 3858 solerti
1223 3797 1354 3858 aestima·

256 3896 336 3953 tione
348 3892 503 3972 pensabat.
547 3894 594 3952 18.
617 3893 820 3955 luterealocis
834 3913 903 3972 quse
917 3893 1014 3952 minus
1037 3893 1122 3954 anxie
1143 3892 1352 3954 custodieban·
1442 3897 1443 3935 l

288 4077 300 4111 l
317 4076 359 4128 ld.
370 4080 388 4130 1.
400 4080 418 4129 1.
856 4077 863 4111 ¹
878 4077 919 4127 ld.
932 4091 962 4127 rr.
974 4080 1000 4127 1.

287 4154 467 4204 'Suldsssoe
494 4157 649 4218 Tubunis..
855 4162 873 4188 ¹¹
889 4153 967 4204 ntea.
978 4153 996 4206 l.
1006 4153 1023 4202 1.
1037 4166 1062 4218 p.
1074 4153 1134 4203 177.

287 4230 300 4264 ¹
316 4231 418 4283 Arrisn.
428 4244 447 4281 r.
459 4236 501 4284 10.
