2925 4867
370 391 430 441 ot.
454 390 552 441 oxu.
574 376 607 441 2.
644 392 679 439 a.
703 390 765 441 crr.
788 390 824 441 rr.
846 372 922 441 881.
1132 374 1200 443 888

95 532 229 601 debunt.
271 532 326 601 w.
346 532 499 602 Tandem
511 539 696 619 expectata
713 536 797 601 lux⁰
822 536 946 615 omnia,
969 554 1048 621 quse
1069 538 1199 605 terribi-

94 636 182 705 liora
200 658 269 705 nox
289 638 428 717 fecorat,
457 638 598 705 minuit:
618 638 789 703 circumiri
812 638 906 703 brevi
933 638 1043 721 spatio
1065 647 1199 723 poterat

95 742 270 823 eluvies?
288 748 303 791 Ρ
324 748 359 807 ct
371 741 439 805 sibi
454 742 597 825 quisque
609 739 681 805 dux
695 740 824 804 itineris
851 744 1004 823 coeperat
1017 741 1098 806 deri.
1142 744 1197 808 2⁷.

95 843 251 909 Evadunt
263 862 341 927 ergo
353 843 390 908 iu
403 842 529 909 editum
549 844 726 908 verticem:
749 860 794 908 ex
809 862 877 926 quo
892 842 1037 907 hostium
1050 844 1197 911 statione

96 951 295 1031 conspectu,
310 944 579 1011 streuuearmati
601 963 624 1009 a
644 954 739 1029 tergo
766 964 802 1010 so
825 944 1003 1011 ostendunt
1028 944 1109 1012 nihil
1131 949 1199 1014 tale

95 1048 340 1127 metuentium
364 1067 505 1131 quornm
526 1049 639 1132 pauci,
660 1050 721 1133 qni
735 1048 892 1132 congredi
906 1047 1099 1128 sasierunt,
1114 1051 1198 1116 caesi

95 1157 185 1215 sunt.
225 1148 281 1214 28.
303 1149 425 1232 Itaque
444 1148 521 1214 hinc
542 1150 751 1215 morientium
772 1150 924 1233 gemitus,
946 1150 1025 1215 hinc
1047 1150 1092 1216 ad
1113 1170 1198 1218 suos

94 1252 333 1317 recurrentium
362 1251 566 1317 miserabilis
593 1252 713 1328 iacies,
743 1252 890 1337 integros
921 1272 1065 1337 qnoque,
1097 1259 1199 1321 antea

96 1371 200 1438 quam
210 1352 385 1418 discrimen
400 1352 641 1436 experirentur,
656 1353 691 1417 in
706 1353 820 1437 fugam
833 1354 988 1421 avortit*
1040 1356 1094 1420 29.
1118 1356 1199 1422 Fre-

95 1456 181 1520 mitu
195 1453 317 1519 deinde
329 1456 365 1519 in
379 1464 503 1532 casm,
519 1456 595 1540 quis
608 1455 767 1523 Craterus
782 1464 934 1541 praeerat,
949 1456 1064 1538 illat03
1081 1458 1124 1523 ad
1140 1478 1199 1524 oc-

95 1556 271 1641 cupandus
285 1558 468 1639 angustias,
488 1557 522 1621 in
543 1558 667 1641 quibus
683 1556 792 1641 pridie
807 1558 991 1637 haesiterat,
1007 1559 1103 1625 miles
1117 1560 1198 1625 odn-

94 1662 202 1725 citur:
221 1660 276 1725 88.
290 1658 391 1724 simul
409 1666 442 1725 et
453 1660 620 1739 Philotas,
632 1680 710 1726 cnm
725 1660 973 1745 Polyperconte
983 1659 1200 1747 Amyntaque

96 1769 135 1828 ot
156 1762 265 1828 Quo
285 1762 451 1827 diversum
473 1762 539 1827 iter
558 1762 686 1845 ingredi
707 1762 838 1847 jussus,
861 1762 963 1828 alium
977 1772 1134 1828 terrorem
1148 1764 1198 1829 in·

95 1862 173 1929 tulit
188 1864 349 1929 barburis·
391 1863 447 1928 81.
471 1862 561 1947 Ergo
583 1864 731 1948 undique
754 1862 982 1929 Macedonum
1006 1866 1107 1931 armis
1134 1864 1200 1931 fnl-

93 1966 250 2048 gcntibns
265 1965 403 2049 ancipiti
425 1964 519 2030 malo
543 1965 711 2049 oppressi,
736 1964 950 2029 memorabile
976 1971 1089 2030 tamen
1112 1984 1199 2049 pree·

92 2066 179 2133 linru
193 2066 316 2133 edunt:
336 2073 374 2132 ut
395 2068 524 2151 opinor,
538 2066 706 2150 ignaviam
727 2082 864 2150 quoque
886 2067 1074 2131 necessitas
1095 2068 1197 2147 acuit,

93 2175 131 2236 et
144 2189 239 2253 saepe
262 2168 453 2253 desperatio
475 2168 550 2253 spei
570 2185 678 2233 causa
697 2174 764 2233 cst.
808 2167 864 2233 82.
888 2165 980 2232 Nudi
995 2166 1198 2252 complectu-

91 2272 218 2337 bantur
230 2269 387 2348 armatos',
402 2277 436 2336 et
447 2270 572 2353 ingenti
586 2288 763 2353 corporum
780 2269 870 2334 molo
889 2288 1004 2334 secum
1019 2267 1063 2333 ed
1079 2278 1197 2336 terram

93 2374 322 2451 detrahentes,
336 2374 484 2457 ipsorum
507 2372 583 2438 telis
606 2372 783 2457 plerosque
798 2370 985 2437 fodiebant.
1027 2370 1081 2436 88.
1101 2371 1199 2441 Ario·

90 2478 261 2541 barnanes
283 2481 407 2553 tumen,
429 2490 495 2541 xr..
517 2474 620 2540 t‘erme
641 2474 811 2558 equitibus
835 2478 869 2538 et
888 2474 1035 2557 quinque
1048 2474 1197 2539 millibus

90 2578 250 2664 peditum
278 2579 438 2663 stipatus,
469 2597 530 2663 per
556 2577 702 2642 mediam
730 2577 840 2643 aciem
871 2574 1098 2641 Macedonum
1120 2594 1197 2640 cum

123 2759 764 2888 monacensem,

552 2958 738 2985 ouonnutu

91 3066 161 3119 Aru.
180 3073 207 3118 ct
223 3069 284 3117 Bas.
298 3082 382 3118 mm
397 3067 480 3133 erlem
488 3080 498 3123 ς
515 3065 591 3115 eren.
608 3063 749 3115 Meneni.
766 3070 793 3112 et
812 3061 897 3111 Amet.
914 3075 995 3111 sonam
1011 3056 1198 3133 reddebat-it

90 3134 176 3183 Voss.
190 3137 216 3182 2.
233 3134 413 3194 ergoinditrrrrr,
425 3142 452 3181 et
468 3144 528 3180 uror
538 3136 605 3179 strue
614 3129 777 3178 maest-se
794 3127 868 3174 verr.
882 3130 905 3173 1.
921 3130 946 3174 8.
958 3125 1073 3173 Florent.
1087 3120 1199 3195 burdet

91 3198 183 3261 Βοῦς.
193 3203 318 3261 antequa
324 3198 463 3246 meam.
479 3194 537 3244 Pet
548 3198 572 3243 l.
586 3194 704 3252 insurgere
713 3192 786 3241 uertit
792 3190 982 3249 scenitae-29
999 3188 1113 3237 Florem.
1125 3184 1198 3235 Lerd.

88 3262 174 3311 Voss.
185 3268 209 3311 l.
219 3263 310 3313 Coloe.
321 3261 411 3325 Sigei).
421 3269 450 3311 et
462 3260 546 3322 Bong.
565 3259 682 3308 Gruterus
689 3255 841 3320 precidelm.
876 3254 992 3303 Floreut.
1006 3250 1077 3301 [reid.
1087 3250 1163 3323 νοω.
1175 3252 1199 3299 l.

89 3326 156 3377 Psi.
168 3331 191 3376 l.
204 3327 270 3376 Dau.
285 3334 313 3375 et
323 3327 408 3389 Bong.
477 3325 484 3337 ’
506 3324 643 3378 mrum
659 3322 735 3370 Voss.
747 3325 772 3369 2.
782 3319 860 3381 pridie
870 3318 1009 3366 tonitruum
1015 3332 1026 3375 ,·
1042 3315 1111 3390 liter.
1121 3314 1199 3376 predas

88 3391 257 3441 moure.
284 3390 383 3440 ‘Errat
429 3391 520 3438 urtica.
553 3385 725 3437 scribendum
748 3392 821 3433 erut:
850 3390 906 3431 unte
926 3382 989 3429 diem
1016 3385 1122 3435 turturea,
1150 3376 1199 3440 tre!

86 3455 256 3506 Sclrruieder.
287 3455 365 3504 Voss.
381 3458 406 3504 8.
421 3454 490 3503 crim
503 3451 699 3502 dodim-³⁰
715 3448 778 3498 ΑΜ.
793 3447 879 3495 Colin.
891 3446 992 3507 Gryph.
1004 3444 1064 3493 Bas.
1083 3440 1160 3491 Frcb.
1171 3450 1198 3491 ct

88 3520 168 3571 Mer.
184 3520 386 3581 empsisse,
402 3520 497 3570 omisso
511 3522 545 3567 et.
579 3515 632 3565 dlii
647 3512 902 3573 ingrediente-81
925 3510 1033 3573 Undique
1049 3522 1106 3571 erge
1124 3506 1198 3582 Vota.

91 3590 122 3636 1.
133 3590 161 3635 2.
174 3585 257 3647 Bone.
269 3592 297 3635 ct
307 3583 391 3634 Amet.
403 3580 655 3633 Moecdcnmear'urir
665 3578 734 3627 Mer.
745 3592 778 3628 err
791 3574 928 3639 compend.
939 3576 1016 3623 diser.
1033 3574 1108 3622 Voss.
1120 3575 1145 3619 8.
1157 3584 1199 3619 rnr-

86 3650 206 3706 rmdite,
224 3660 252 3699 et
272 3650 300 3698 iu
317 3662 398 3712 marg.
415 3646 637 3697 umutile-82
654 3642 723 3693 dier.
741 3641 996 3704 complicaturo-ua
1014 3637 1073 3687 Pel.
1087 3639 1110 3686 l.
1122 3636 1199 3710 ἀεροη

80 3717 173 3777 serere
181 3714 307 3779 quoto.
335 3714 441 3763 Pittast
486 3714 492 3723 '
569 3710 661 3765 sittim·
681 3705 742 3756 did.
759 3706 853 3755 Cobet
870 3702 1198 3775 iler.etrailliter,9rnrsro

90 3781 221 3843 quinques
236 3780 320 3842 Bong.
334 3782 391 3827 Η.
402 3783 431 3827 ct
468 3790 518 3826 ors.
532 3780 555 3826 1.
572 3781 596 3824 ct
615 3773 656 3823 11.
672 3771 794 3829 suillibus,-
811 3770 871 3818 Bae.
883 3774 906 3818 et
921 3774 946 3818 8.
958 3768 1065 3831 peditare
1078 3764 1198 3820 aarum·

92 3844 198 3896 Fauen.
211 3850 239 3893 ut
252 3845 277 3893 iu
287 3852 371 3921 textu

212 3948 236 3989 a
596 3917 706 3970 NOTAE

127 4032 140 4057 ⁰
160 4022 297 4085 Expectata
311 4018 366 4084 lux]
383 4018 509 4068 Arrianus
519 4026 581 4067 sete
592 4018 630 4065 lu·
670 4015 778 4065 multum
792 4012 895 4061 diversa
907 4008 1034 4073 reperias.

90 4115 166 4161 cem,
185 4098 286 4161 calpae
298 4110 349 4159 qur
361 4091 493 4159 protecter
509 4102 549 4142 est
571 4104 631 4140 noc·
703 4096 715 4131 ν
737 4088 840 4151 Elusio]
875 4085 978 4147 vorago
998 4094 1124 4132 concursu
1148 4089 1200 4133 tor*-

90 4188 134 4236 te,
155 4174 190 4224 ad
206 4172 318 4222 hostium
339 4170 464 4219 stationes
484 4167 631 4231 pervenisse
671 4167 783 4217 rentium
798 4158 1093 4223 cavata,r‹ncser‹lriere.

91 4252 207 4303 iudicat.
242 4248 321 4311 Apud
349 4260 424 4310 qocnr
454 4244 553 4307 reliqua
580 4256 630 4291 non
