2925 4867
248 360 297 427 dl)
564 416 567 421 .
658 378 939 431 rsonnooircss

252 525 466 589 silamanus
481 520 808 608 domns’expectsre
821 526 986 609 potuisse.
1029 523 1086 591 Ad
1100 527 1345 613 primumquod

254 627 384 702 attinet,
398 644 465 689 non
479 625 666 707 ungendum
681 626 814 709 quidem
836 635 902 707 est,
924 624 1148 715 Theodosium
1171 626 1347 714 Reipubli-

254 746 306 791 cae
320 724 621 792 afflicter-maximo
641 726 772 790 auxilio
793 726 908 791 inisse.
951 726 1109 791 Aurelius
1122 725 1246 792 Victor
1258 727 1346 813 Epit

142 900 148 909 ,
253 828 308 893 tl.
329 829 445 894 merito
466 846 541 895 eum
563 826 680 893 laudat
701 832 986 912 ‘propagatorem
1009 826 1224 913 Reipublicae
1243 837 1347 914 atque

253 928 458 995 defensorem
481 927 665 1005 eximinm‚’
687 936 723 999 at
743 929 833 995 mala
853 932 932 1008 ists,
953 929 1080 1014 quihus
1095 930 1347 1014 opprimebatur

252 1030 428 1115 *inperium
443 1030 637 1097 Romnum
650 1050 717 1095 non
729 1030 805 1095 inde
825 1040 923 1097 eraut
942 1038 1070 1113 exorta,
1085 1032 1178 1115 quod
1197 1033 1271 1097 siue
1285 1049 1347 1100 suo

255 1132 368 1215 cupite
387 1130 561 1197 discordia
588 1134 737 1199 membru
764 1134 977 1218 trepidarent,
1001 1151 1109 1218 nequo
1132 1134 1235 1199 etiarn
1259 1132 1347 1217 quod

256 1232 415 1299 civilibus
439 1232 537 1297 bellis
558 1234 813 1311 disturbaretur,
837 1234 899 1299 sed
920 1255 942 1300 a
963 1234 1115 1301 barbaris
1138 1242 1173 1300 et
1194 1234 1350 1303 hostillo

208 1332 212 1339 '
256 1336 416 1415 sirianis,
429 1334 565 1412 Gothis,
579 1334 752 1411 Triballis,
769 1336 915 1414 fluonia,
929 1334 1118 1420 Alanlsqus
1128 1342 1200 1400 m
1211 1334 1350 1399 intesta·

256 1437 356 1503 batur
377 1443 478 1521 atque
504 1436 547 1501 ad
569 1454 627 1501 ecs
655 1436 868 1522 depellendos
894 1456 918 1503 a
941 1433 1111 1507 ursum
1136 1434 1350 1502 Theodorias

256 1537 384 1605 electus
396 1544 467 1604 erat
478 1540 669 1622 imperator.
711 1539 912 1619 demendas,
924 1541 960 1605 ln
971 1537 1058 1603 libro
1071 1536 1114 1603 de
1127 1553 1300 1621 regnum
1314 1548 1350 1601 ct

257 1647 443 1725 temporum
472 1640 700 1718 successione,
728 1640 966 1707 ‘mouns
994 1636 1197 1723 Hispanus:
1230 1638 1350 1723 inquit,

256 1740 414 1807 ‘Italicae
436 1739 505 1806 dlvi
525 1740 666 1823 lrsjmi
687 1742 837 1807 Mende
859 1762 882 1809 s
903 1740 1069 1809 Gratiano
1084 1738 1238 1824 Augusto
1258 1738 1350 1823 apud

257 1842 423 1925 Syrniuns
447 1848 526 1927 post
558 1840 712 1907 Valentis
738 1842 909 1909 interitum
935 1842 1048 1909 luctus
1075 1847 1131 1906 est
1161 1842 1353 1925 imperator.

257 1942 370 2027 Atqm
385 1942 508 2009 deinde
518 1958 674 2009 mooun
686 1942 1039 2028 Theodosiumgnavit
1050 1942 1232 2010 Gonnus
1246 1960 1352 2008 annos
1377 1934 1395 1961 ‘

260 2044 323 2110 vr!
366 2043 614 2111 ldnmtur
627 2051 663 2111 et
680 2044 908 2111 Cassiodorus
929 2047 964 2110 iu
985 2044 1171 2113 Chronico:
1194 2042 1353 2111 ‘Gratis-

258 2162 321 2211 uus
335 2148 451 2231 tuqus
463 2164 539 2212 eum
550 2146 623 2231 jam
639 2162 720 2213 xlv.
741 2148 914 2231 repauset
935 2148 1043 2223 annis,
1064 2164 1144 2210 cuns
1160 2144 1352 2212 Theodosio

258 2254 371 2329 munst
384 2249 481 2313 annis
496 2247 557 2311 vr!
601 2248 723 2313 Fusius
738 2256 848 2315 autem
870 2268 947 2315 eam
967 2266 1035 2313 sesn
1058 2248 1203 2313 sanarit
1223 2244 1353 2315 Paulos

259 2342 434 2415 Diaconos
447 2349 481 2413 in
498 2346 651 2415 Historia
666 2349 836 2428 Miscells,
849 2348 905 2415 vel
918 2349 1034 2433 potins
1051 2349 1086 2413 in
1100 2345 1353 2412 Additsmeutis

259 2446 304 2512 sd
332 2448 490 2532 Eutropii
511 2448 717 2513 Brcrlariuur
742 2450 836 2515 Hlst.
859 2449 960 2514 Rom.
983 2448 1043 2515 lib.
1064 2464 1120 2513 xt.
1144 2448 1198 2513 his
1223 2447 1354 2513 uerbis:

257 2553 268 2585 ⁴
285 2548 391 2615 Porro
404 2548 600 2629 Gratianus,
615 2568 690 2617 cum
705 2552 997 2617 animsdvertisset
1006 2550 1183 2617 Thraciam
1197 2548 1355 2615 llsclaur—

260 2670 326 2735 que
338 2657 497 2735 tanquam
520 2652 681 2735 genitales
703 2660 807 2718 tenus
827 2653 1076 2738 possidentibus
1089 2650 1356 2719 Godnis'l'ribsl-

258 2753 366 2837 lisque
381 2760 481 2837 atque
496 2755 587 2820 ornni
609 2754 754 2837 pernicie
774 2756 993 2821 atrocioribus
1016 2754 1151 2820 Hunnis
1171 2762 1209 2818 et
1223 2752 1357 2828 Alanis,

260 2858 443 2919 oxhemnnr
467 2854 621 2919 &mano
642 2854 766 2919 nomini
785 2856 969 2939 pericnlum
994 2858 1128 2934 instare,
1145 2854 1264 2920 eudem
1278 2871 1357 2937 pro·

262 2953 402 3034 visione,
414 2975 482 3040 qun
495 2955 660 3041 quondam
673 2956 800 3038 legeret
815 2958 929 3024 Nerva
946 2957 1136 3043 Hispunurn
1150 2957 1259 3021 virum
1269 2955 1357 3021 'lha-

255 3055 385 3139 jsnunn,
396 3076 457 3141 per
469 3076 570 3142 quern
585 3057 797 3141 Respublica
817 3064 968 3143 reparata
987 3065 1052 3137 est,
1074 3060 1266 3123 aestumat
1279 3058 1356 3141 ipse

260 3157 364 3223 nihilo
386 3158 494 3225 minus
521 3178 621 3244 aequo
645 3161 690 3225 ab
717 3160 890 3246 Hispania
911 3160 1141 3227 Theodosium
1162 3159 1358 3225 lavantibus

261 3260 393 3325 cunctis
415 3262 508 3347 apud
530 3262 695 3347 Syrminm
723 3282 869 3345 purpura
890 3262 999 3327 induit
1019 3262 1130 3327 sutis
1150 3279 1275 3327 annum
1301 3275 1356 3325 ιιι.

261 3370 299 3427 et
320 3378 424 3429 xxx.
447 3368 597 3446 mentem
623 3360 838 3446 Orientisque
855 3370 891 3429 et
914 3364 1069 3429 Thracios
1091 3360 1192 3426 simul
1212 3360 1357 3444 imperio

261 3464 424 3545 praefecit.
468 3464 590 3547 ltaque
610 3462 825 3529 Theodosius
839 3463 979 3544 Alanos,
1004 3464 1148 3529 Huuuos
1166 3469 1203 3526 et
1223 3461 1360 3526 Gedros

262 3564 491 3631 incunctanter
504 3580 682 3647 &pessus
692 3567 822 3649 mugnis
836 3566 1014 3651 multisque
1028 3566 1156 3650 pubis
1169 3560 1292 3631 vicla'·

306 3663 393 3744 Quu
409 3666 493 3731 talia
506 3666 637 3751 imperii
658 3668 814 3751 auspicis
835 3686 978 3750 quonam
1001 3666 1102 3732 modo
1123 3667 1234 3731 verbis
1249 3664 1362 3731 Curtii

261 3767 395 3849 possint
406 3766 560 3851 adaptari
573 3767 731 3851 equidem
746 3786 813 3832 nou
828 3768 937 3835 uideo.
970 3768 1068 3833 Bella
1084 3766 1204 3833 deinde
1220 3768 1363 3850 quidem

261 3887 330 3932 non
344 3869 460 3945 movit,
474 3868 534 3933 ssd
548 3869 675 3934 hiscit
687 3868 914 3935 Theodosius.
952 3869 1140 3936 Debellatis
1154 3868 1240 3933 enirn
1253 3868 1366 3935 hosti·

262 3971 326 4035 bus
339 3972 501 4048 externis,
519 3990 585 4035 uon
607 3970 742 4037 deerant
764 3972 939 4054 dopsoetiei
953 3992 986 4037 v.
1001 3990 1032 4037 c.
1048 3970 1225 4037 Maximus
1246 3978 1366 4057 tyran·

645 4194 660 4231 s
676 4186 769 4237 hnrsl.
779 4186 849 4239 Vlel.
861 4196 935 4237 1uv.
945 4194 973 4239 ο.
988 4220 992 4227 ·
