2925 4867
235 408 279 471 28
638 422 917 471 rnousconnnn

235 564 338 627 tione.
384 561 533 627 ‘Pilius’
555 570 693 629 nonest
715 568 919 628 ‘successor
940 560 1088 647 ejusdem
1111 557 1254 624 domns’
1272 578 1332 627 no·

235 662 419 743 minandus,
443 664 502 729 sed
526 666 641 747 potius
663 664 899 729 ‘consobrinae
922 662 1059 741 tilius3’x
1073 663 1121 726 ita
1142 661 1230 724 eninr
1258 659 1334 724 Hs-

235 764 374 829 drinnus
384 766 523 849 junctus
537 774 609 831 erat
621 766 800 851 'trajanom

277 868 430 932 Ceterum
444 868 622 955 TrajanuS,
644 869 701 953 qui
722 886 907 949 cognomen
927 864 1056 949 Optimi
1070 864 1245 942 demeruit,
1256 864 1334 947 dig·

234 988 298 1033 nns
313 970 449 1054 quidem
464 970 593 1046 inisset,
608 990 706 1052 quem
723 970 863 1034 summis
876 967 1032 1031 laudibus
1042 971 1174 1031 ornaret
1187 964 1333 1030 Curtius.

233 1069 384 1134 Justitiee
406 1071 492 1134 euim
514 1070 572 1135 ille
595 1088 635 1135 ec
649 1068 738 1153 juris
760 1068 893 1133 humani
914 1067 1084 1152 divinique
1105 1076 1173 1131 tom
1187 1070 1334 1149 repertor

233 1171 324 1249 nevi,
350 1188 450 1255 quom
478 1171 652 1236 inveterati
676 1178 794 1235 custos
817 1174 914 1233 ernt.¹²
957 1168 1023 1233 Sed
1049 1187 1091 1232 es
1114 1167 1234 1231 merito
1263 1184 1332 1232 non

234 1277 338 1349 erant,
353 1290 429 1355 quae
445 1277 564 1335 auctor
577 1278 692 1335 noster
705 1272 817 1335 verbis
831 1268 973 1334 extollit.
1003 1269 1036 1334 A
1052 1266 1201 1334 Cocceio
1215 1266 1333 1331 Nerva

236 1373 273 1441 iu
286 1370 349 1435 filii
364 1370 473 1434 locum
489 1379 589 1455 atque
603 1378 731 1454 partem
754 1370 884 1453 imperii
898 1369 1102 1454 adoptetns⁰
1116 1370 1257 1435 militum
1278 1366 1332 1432 iu-

235 1492 342 1535 rorem
365 1478 554 1558 metumque
579 1473 739 1537 bellicum
760 1481 962 1554 represserat
980 1471 1128 1555 quidem,
1152 1471 1211 1534 sed
1236 1468 1332 1533 bella

234 1572 360 1651 civilio,
394 1592 469 1656 quer
499 1574 643 1651 sedaret,
671 1574 764 1639 nulle
792 1583 898 1637 erant.
942 1570 1074 1637 Plinius
1105 1558 1269 1654 Panegyr.
1297 1572 1331 1632 5.

234 1675 378 1739 ‘Talem
405 1674 503 1752 esse,'
526 1676 644 1759 inquit,
669 1674 859 1758 ‘oportuit
882 1693 982 1756 quem
1005 1693 1070 1737 non
1095 1673 1186 1738 bella
1207 1670 1331 1746 civilis,

235 1794 298 1839 neo
319 1774 420 1840 armis
443 1794 606 1861 oppressa
632 1776 852 1862 Respublica,
875 1775 934 1839 sed
957 1792 1028 1859 pax
1044 1781 1080 1839 et
1095 1772 1273 1858 adoptatio
1296 1780 1333 1834 et

235 1874 367 1940 tandem
399 1885 537 1943 exornta
564 1878 658 1943 terris
687 1878 824 1942 nurnine
852 1876 1040 1941 dedissent!
1085 1875 1189 1939 Hunc
1218 1873 1330 1937 locum

123 1986 133 1996 “
234 1966 322 2041 certe
337 1996 403 2041 non
419 1978 569 2061 inspexit
584 1966 770 2054 Fontanus,
791 1996 867 2042 cum
889 1984 1000 2040 temen
1019 1975 1168 2058 diligenti
1188 1975 1331 2039 lectione

234 2078 340 2143 libelli
363 2078 463 2162 hujus
486 2078 632 2145 Plininni
647 2098 685 2143 se
696 2080 818 2163 jactet,
838 2096 946 2160 neque
972 2078 1116 2142 scribere
1137 2078 1330 2142 erubescat:

234 2179 300 2244 nisi
314 2179 486 2245 attendere
502 2182 602 2245 etiam
618 2180 726 2244 obiter
739 2178 855 2255 libent,
875 2196 976 2261 quem
999 2186 1080 2261 epte
1099 2178 1211 2241 verbis
1224 2175 1333 2241 Curtii

235 2282 388 2362 superins
398 2282 547 2346 recitatis
558 2282 699 2365 Traani
709 2280 918 2365 respondent
931 2280 1118 2363 imperium,
1133 2278 1332 2362 imperiique

231 2382 376 2447 initium.
421 2383 476 2447 De
491 2402 558 2465 quo
574 2385 686 2449 omnio
701 2403 779 2467 quse
793 2382 892 2446 velim
907 2384 942 2444 et
955 2380 1030 2444 tuse
1042 2380 1085 2445 ad
1099 2381 1186 2445 hano
1201 2400 1280 2457 rem,
1296 2382 1333 2443 in

231 2481 350 2547 illustri
365 2483 425 2547 illo
447 2502 512 2548 sno
532 2483 676 2549 adhunc
692 2483 886 2564 Principem
911 2482 1122 2566 Panegyrico
1145 2482 1244 2547 reiert
1259 2482 1331 2546 Pu·

233 2582 310 2648 nius
323 2582 452 2649 Junior.
480 2595 484 2603 '

276 2682 458 2769 imperium
484 2684 685 2765 Romanum,
708 2687 800 2770 quod
823 2685 910 2749 vitio
940 2695 976 2750 et
1004 2686 1124 2749 inertia
1152 2684 1332 2749 Caesarum

232 2786 331 2868 quasi
346 2794 568 2851 consenuerat
582 2792 683 2870 utque
698 2775 889 2863 decoxerat,
904 2785 1053 2870 Trojano
1077 2786 1237 2869 Principe
1258 2804 1334 2850 rur·

233 2905 293 2951 sus
308 2888 412 2952 movit
425 2888 583 2965 lacertos,
605 2897 650 2963 et,
666 2892 788 2971 prester
802 2906 896 2970 spem
917 2888 1076 2965 omnium,
1097 2892 1251 2951 senectus
1265 2886 1333 2952 inr-

231 2984 313 3070 perii
336 2988 435 3073 quasi
456 2989 585 3054 reddita
602 2988 775 3073 juventute
790 2990 929 3055 reviruit
950 2988 1112 3073 quidem,l
1132 2988 1193 3053 sed
1214 2987 1332 3068 fllium,

232 3088 287 3153 cni
302 3088 431 3172 imperii
451 3096 584 3172 sceptra
605 3088 778 3155 relicturos
790 3096 888 3167 esset,
902 3108 1011 3173 neque
1029 3089 1208 3155 naturalem
1222 3110 1334 3174 neque

230 3190 429 3273 adoptatum
451 3188 574 3256 hebuit.
619 3190 703 3256 Sunt
719 3189 868 3275 quidem,
891 3191 949 3274 qui
972 3197 1100 3275 potent,
1116 3188 1334 3257 Hadrianum

230 3290 422 3374 adoptionis
440 3290 514 3372 jure
534 3290 584 3355 illi
609 3292 828 3368 successione,
852 3290 912 3355 sed
934 3292 1011 3356 solo
1026 3289 1181 3374 Vopisco
1195 3298 1336 3357 auctore

229 3392 281 3456 ita
294 3398 457 3469 statuunt,
472 3392 530 3474 qui
553 3394 587 3456 in
605 3391 690 3457 Vita
712 3392 884 3456 Aureliani
906 3410 981 3475 cop.
1005 3394 1037 3456 4.
1057 3393 1214 3473 scripsit:
1236 3394 1335 3474 quod

231 3490 397 3557 Cocceius
414 3492 528 3556 Nerva
541 3493 576 3556 in
588 3490 736 3577 bnjano
751 3492 957 3575 adoptando,
976 3492 1092 3576 ‘quod
1108 3492 1232 3575 Ulpius
1244 3493 1336 3560 Tra-

228 3596 332 3678 jauns
348 3594 381 3656 in
396 3590 593 3670 Hadriano,’
610 3595 669 3658 &c
712 3592 872 3658 Attamen
887 3594 1081 3659 testimonis
1094 3594 1233 3658 aliorum
1247 3593 1336 3664 huic

229 3695 277 3759 rei
293 3692 534 3758 contradicunt.
571 3695 630 3758 Sic
644 3694 786 3778 Eutrop.
802 3710 884 3758 vrrr.
899 3696 932 3759 8.
967 3693 1162 3761 ‘Defuncto
1177 3694 1337 3779 vajano

231 3792 344 3861 AElius
367 3793 562 3859 Hadrianus
584 3802 718 3861 creatus
739 3804 794 3862 est
808 3799 975 3880 princeps,
991 3798 1063 3859 siue
1081 3796 1197 3879 aliqua
1211 3795 1339 3863 volnu-

229 3903 303 3961 tnte
330 3894 489 3978 Trnjeni3
511 3896 570 3959 sed
593 3916 725 3983 opernm
749 3897 850 3963 dente
870 3896 1018 3974 Plotina,
1043 3897 1181 3981 Trajaui
1206 3916 1338 3971 uxore.

263 4075 281 4101 ¹·
297 4068 405 4129 Eutrep.
418 4072 516 4117 runt.
637 4096 642 4115 .
756 4064 898 4119 ‘moder
917 4070 951 4119 de
969 4070 1116 4134 ltegnornnr
1131 4078 1160 4123 et
1172 4072 1339 4138 Temperans

263 4150 276 4175 ¹
293 4141 381 4192 Aurel.
393 4142 463 4191 vict.
476 4141 546 4204 Epit.
556 4155 619 4192 xrn.
630 4148 655 4192 9.
800 4145 921 4194 Ratione.

261 4224 275 4281 ,⁵
291 4218 331 4271 ld.
344 4230 395 4271 ru.
407 4220 447 4269 to.
464 4218 574 4283 Eutrop.
585 4230 647 4269 rur.
660 4224 684 4271 l.
699 4220 759 4273 Jor-
833 4226 846 4262 ⁹
863 4220 953 4273 Pteros
964 4220 1068 4285 Prolot.
1080 4224 1106 4274 t.
