2925 4867
404 426 462 476 or..
485 426 582 475 oxu.
602 408 635 474 2.
673 427 707 473 r.
732 424 793 473 err.
816 425 853 474 rr.
875 408 952 475 331.
1166 408 1234 474 815

127 584 235 655 opere
252 568 414 654 perlecto,
428 569 463 633 in
479 568 743 647 tubernaculum,
754 585 798 632 ex
813 586 881 652 quo
894 570 967 632 tote
979 566 1073 633 ecies
1086 566 1232 633 hostium

129 672 417 757 conspiciebatur,
433 672 587 736 secessit.

175 790 265 840 xrrr.
302 775 334 839 1.
358 772 446 838 Tum
460 792 538 839 vero
554 773 710 837 universe
729 771 831 837 futuri
855 769 1059 835 discriminis
1079 770 1184 835 iacies
1198 772 1233 837 iu

130 874 242 940 oeulis
260 882 349 941 eret:
372 876 472 940 ermis
485 874 670 959 insignibus
686 874 768 958 equi
782 874 913 957 virique
932 872 1171 956 splendebunt3
1186 882 1232 949 et,

130 978 247 1041 omniu
265 976 444 1042 intentiore
466 996 547 1041 cure
569 977 756 1061 praepurnri
778 976 868 1060 apud
887 975 1034 1052 hostem,
1048 974 1232 1039 solicitudo

129 1086 310 1163 prretoruru
326 1080 460 1162 agmine
484 1098 548 1144 sua
569 1078 882 1163 interequitantium
898 1076 1117 1141 ostendebat:
1138 1074 1171 1140 2.
1191 1096 1233 1141 ec

129 1180 292 1265 pleraque
304 1182 428 1259 inania,
443 1182 534 1246 sicut
548 1181 699 1247 fremitus
709 1180 890 1258 hominum,
899 1196 1064 1263 equorum
1073 1178 1233 1257 hinnitus,

130 1300 298 1347 armorum
309 1282 573 1348 internitentium
583 1283 702 1365 fulgor,
717 1282 885 1347 solicitum
895 1280 1130 1373 expectatione
1141 1298 1234 1346 men·

129 1390 230 1449 tem*
257 1385 479 1451 turbaverant.
522 1385 555 1450 3.
590 1385 697 1469 Igitur
719 1385 792 1449 sive
814 1384 938 1449 dubius
960 1384 1075 1460 enimi,
1105 1383 1177 1448 sive
1196 1388 1234 1448 ut

131 1500 217 1548 suos
238 1485 453 1568 experiretur,
470 1487 646 1552 consilium
666 1486 815 1566 adhibet,
839 1485 942 1569 ‘quid
962 1485 1126 1569 optimum
1140 1484 1233 1550 fectu

129 1584 245 1662 esset:
267 1587 457 1671 exquirens.
501 1589 535 1652 4.
559 1586 750 1665 Parmenio,
774 1588 999 1671 peritissimus
1021 1588 1105 1651 inter
1127 1586 1233 1652 duces

131 1687 254 1753 artium
270 1688 362 1766 belli,
378 1689 498 1769 ‘iurtq
513 1690 716 1774 oonpreelio
739 1708 828 1773 opus
838 1708 915 1755 esse
926 1687 956 1729 '⁶
970 1690 1146 1754 censebat:
1163 1692 1234 1754 ‘in-

129 1797 301 1872 tempestu
323 1796 421 1857 nocto
441 1792 586 1878 opprimi
601 1812 707 1878 posse
728 1792 866 1857 hostes:
888 1790 1062 1857 discordes
1075 1791 1233 1866 moribus,

127 1890 268 1972 linguis,
283 1892 400 1959 udhaec
414 1912 533 1959 somno
548 1900 583 1959 et
596 1894 782 1978 improviso
796 1892 949 1978 periculo
966 1891 1108 1969 territos,
1129 1910 1234 1976 qusu-

129 1992 176 2055 do
191 1992 226 2055 iu
247 2000 405 2059 nocturne
427 1995 653 2080 trepidatione
676 1996 849 2061 coiturosl
873 1997 924 2057 u5.
949 1992 995 2059 At
1007 1992 1150 2058 interdiu
1164 1994 1233 2076 pri-

129 2113 222 2159 mum
234 2095 397 2160 terribiles
413 2115 613 2164 occursuras
633 2098 739 2163 iacies
753 2097 953 2180 Scytharum
968 2095 1234 2161 Bactrianorum-

130 2214 219 2279 que:
242 2196 327 2261 hirte
349 2197 418 2263 illis
438 2217 498 2263 ore
512 2204 545 2265 et
558 2200 712 2271 intonsus
728 2204 847 2263 c‘omss
865 2216 960 2277 esse;
982 2202 1148 2279 praetereo
1162 2196 1234 2260 exi·

129 2298 234 2362 mium
249 2303 419 2365 vestorum
430 2301 693 2385 magnitudinem
704 2318 901 2384 corporum:
919 2298 1015 2364 renis
1027 2306 1064 2363 et
1078 2296 1234 2361 inanibus

128 2398 270 2464 militem
310 2404 428 2487 magis,
461 2422 563 2487 quarn
595 2402 697 2487 justis
725 2400 913 2468 formidinis
942 2401 1059 2467 cuusis
1098 2401 1235 2464 moveri.

131 2500 266 2565 Deinde
278 2510 401 2569 tuntum
414 2505 656 2571 multitudinem
667 2502 681 2541 ¹³
695 2504 916 2570 circumfundi
927 2502 1145 2588 paucioribus
1155 2520 1235 2584 pos·

130 2602 216 2666 502⁸
238 2604 270 2669 6.
287 2622 354 2668 non
379 2604 413 2669 in
431 2604 562 2675 Ciliciae
586 2608 750 2692 augustiis
765 2615 800 2673 et
823 2606 927 2671 inviis
941 2604 1097 2682 callibus,
1117 2602 1177 2667 sed
1200 2603 1234 2687 in

164 2771 178 2794 ⁶
194 2762 305 2825 Insidiis,
315 2782 361 2817 son
371 2773 453 2831 operto
463 2769 590 2819 errentur
602 2770 714 2819 utendum
724 2783 782 2819 em.

164 2825 177 2861 ⁵
192 2828 345 2889 Macedones,
355 2837 436 2897 utpote
445 2834 576 2898 perimes,
585 2848 601 2883 u
612 2838 680 2883 torto
689 2834 820 2884 Parum
828 2846 924 2882 smero
930 2830 1096 2882 circumueniri
1103 2844 1180 2895 posse
1229 2855 1231 2858 ·

129 3056 213 3104 cestre
223 3055 321 3105 metri.
340 3056 455 3109 Florent.
466 3057 538 3109 Leld.
553 3058 631 3108 Voss.
641 3061 666 3108 1.
682 3060 767 3123 Bong.
778 3060 888 3111 Theocr.
899 3058 983 3125 bugd.
992 3065 1020 3109 et
1031 3058 1114 3109 llmrt.
1124 3056 1236 3107 meent

130 3133 183 3232 pr?
194 3120 472 3245 fflffl'mtrorsrroi.
491 3186 567 3236 Voss.
578 3190 603 3236 h.
614 3187 705 3251 uirique
718 3187 827 3253 undique.
846 3141 931 3252 Bong.
943 3192 971 3237 et
980 3186 1058 3236 Voss.
1070 3190 1094 3236 1.
1104 3186 1234 3235 merim

129 3261 198 3298 curo.
232 3248 292 3297 ΑΜ.
312 3249 378 3299 Deo.
390 3258 418 3299 et
436 3250 492 3300 Pel.
503 3253 527 3299 l.
539 3252 680 3313 proepureri.
712 3255 784 3315 Apud
794 3253 899 3309 hortetur
916 3250 1156 3315 vulgetiomittunt,
1172 3250 1235 3312 «ped

130 3314 224 3362 testem
230 3327 241 3369 ,·
258 3313 330 3377 quod
339 3314 472 3363 Auidslirrs
484 3322 512 3365 ct
524 3315 618 3364 ileum.
630 3322 659 3365 ut
671 3316 799 3379 glossemn
813 3317 912 3366 delent.
943 3317 1027 3377 Bong.
1038 3314 1235 3372 ostendebantur,-

131 3378 252 3427 Florent.
265 3377 339 3428 Leid.
348 3378 425 3427 Voss.
440 3383 465 3428 1.
482 3383 507 3427 1.
520 3378 581 3429 ΑΜ.
593 3380 677 3430 Cultu.
689 3380 792 3443 Grypb.
805 3381 871 3430 Mer.
882 3380 945 3429 Bur.
956 3387 983 3429 et
993 3379 1051 3429 Col.
1061 3378 1236 3428 eunom.

130 3446 184 3491 -2
200 3442 318 3492 Ftorerrt.
330 3444 404 3493 Iaeid.
415 3444 491 3494 Voss·
502 3445 525 3493 1.
537 3448 562 3493 2.
574 3451 602 3493 et
622 3445 688 3496 bier.
699 3445 801 3494 mitoda
811 3445 1044 3508 exsperatione—t
1062 3443 1175 3494 florent.
1185 3444 1236 3491 rire
1333 3492 1337 3499 ,

130 3508 162 3557 de
172 3506 256 3556 tertiis.
290 3506 363 3557 Iaeld.
384 3512 407 3558 1.
425 3508 486 3571 quod
503 3508 672 3572 optim-4
690 3509 819 3560 Parmenio
834 3509 1000 3573 pomtinis-r
1011 3508 1127 3557 Florent.
1147 3506 1236 3568 fetere

152 3569 260 3631 referto
276 3570 350 3620 Voss.
365 3574 388 3619 1.
392 3572 463 3633 serto
474 3572 550 3622 deest
560 3572 588 3622 in
598 3572 689 3623 *Amet
700 3573 818 3623 discordis
827 3573 932 3623 writer
942 3574 1028 3637 Βοῦς.
1041 3573 1110 3622 Dan.
1122 3571 1196 3621 held.
1207 3577 1235 3621 et

149 3636 209 3685 'ose
221 3638 244 3683 1.
262 3634 380 3695 lirgrrim
389 3636 462 3688 Leid.
481 3638 513 3686 od
521 3636 564 3685 hee
572 3650 651 3686 wirne
660 3638 777 3688 Florent.
788 3638 864 3689 Voss.
876 3642 899 3688 1.
910 3644 938 3688 et
949 3639 1032 3700 Bonq.
1051 3638 1084 3686 ed
1093 3637 1136 3685 tor
1144 3650 1236 3685 rum

132 3698 210 3749 Leid.
229 3698 390 3749 aetum
402 3700 459 3751 Pel.
471 3704 495 3749 l.
505 3702 536 3749 ud
546 3701 596 3749 toec
607 3706 631 3749 et
641 3716 720 3751 wreus
731 3702 758 3751 in
770 3703 874 3753 ceteris.
908 3703 967 3752 Pul.
981 3708 1004 3751 1.
1020 3702 1124 3764 periurio
1133 3699 1234 3749 territis.

133 3764 190 3813 Col.
202 3770 231 3813 et
249 3763 318 3814 Mer.
337 3766 395 3829 quin
411 3765 438 3813 irr
456 3768 578 3815 secturus.
612 3766 686 3815 Voss.
697 3770 722 3815 2.
734 3767 1118 3831 ”ammineum-o
1135 3764 1187 3814 Aet
1198 3763 1235 3811 in·

132 3828 213 3878 tordius
226 3828 341 3879 Florent.
359 3829 431 3893 ludu
441 3829 491 3878 illis
500 3844 543 3879 ors
553 3829 628 3879 Voss.
641 3834 664 3879 1.
677 3830 743 3881 Mox
753 3831 828 3882 Voss.
838 3836 863 3881 2.
875 3830 1112 3892 enutritorem-e
1123 3828 1199 3876 Voss.
1209 3830 1234 3874 11.

631 3960 740 4012 NOTAE

132 4055 248 4116 Gallice,
257 4055 299 4103 des
307 4055 446 4118 potissedes.
480 4056 553 4107 Idem
563 4072 665 4123 queque
738 4056 884 4120 *Meum
901 4054 1052 4107 Alexandri.

130 4130 595 4199 nomeuipsiuggerheestrorumqne
608 4148 667 4199 pro·
737 4130 960 4194 bllirrltiturlirrerrr]
976 4131 1124 4181 Perurum.
1149 4130 1235 4181 Persei-

133 4204 288 4269 pugescnlls
302 4216 351 4264 err,
368 4204 437 4269 qnod
457 4207 532 4258 nilis
549 4212 666 4260 muniuu·
706 4210 798 4275 trihu]
816 4208 1012 4261 Macedonibus.

133 4291 186 4334 tur.
220 4278 497 4345 Gullieemsrsmpert.
