2925 4867
382 368 421 417 is
447 367 624 429 unisona
647 366 824 419 onustus
848 368 993 420 annon.
1188 353 1238 421 27

135 520 192 579 tur
217 528 240 575 a
262 507 434 589 Muciano,
453 512 545 595 ‘mgni
565 511 690 579 anulo
711 510 774 578 lib.
800 527 842 577 ιι.
869 530 946 596 esp.
970 514 1025 579 77.
1053 510 1234 581 Historias.

135 612 250 679 Taoiti
272 612 321 677 ita
344 614 581 679 concionante:
603 612 659 679 Ne
682 612 879 680 Muoinnuns
901 616 1032 679 wdone
1057 618 1235 699 spreveris,

136 714 219 798 quia
248 714 404 779 aemulum
432 732 499 777 non
528 713 715 797 experiris:
748 734 802 781 uie
831 714 973 781 Vitellio
996 722 1236 801 anteponatis

136 814 228 879 mihi
266 814 358 881 Vna
380 815 496 881 domni
514 815 712 907 tiiumphale
735 836 870 895 nomen,
897 817 990 884 ‘duo
1004 817 1159 901 juvenes,
1181 840 1237 886 ca·

136 935 210 1001 pax
218 915 292 1001 jann
306 916 438 1001 impatii
452 918 546 995 alter,
561 922 596 983 ut
608 918 724 1000 primis
736 919 865 985 militia
880 920 978 983 annis
992 918 1084 1003 apud
1096 918 1237 988 Germa·

135 1019 235 1083 uiuos
249 1037 388 1102 quoque
408 1019 576 1085 uenus
598 1019 721 1090 clarus.
763 1019 955 1086 Absusdnm
973 1020 1076 1087 fuerit
1094 1041 1163 1088 nou
1182 1044 1237 1089 oe·

136 1118 219 1185 dero
243 1120 385 1206 imperio
407 1120 450 1198 ei,
471 1120 572 1205 cujus
592 1119 699 1185 tilium
723 1120 940 1205 adoptatum
960 1138 1083 1201 ossan,
1107 1125 1139 1189 si
1160 1126 1236 1209 ipso

136 1218 357 1305 lmwm!
712 1236 715 1245 .

183 1320 274 1400 Qus
286 1338 364 1387 nunu
378 1321 428 1386 ita
441 1320 518 1399 sint,
533 1322 688 1406 equidem
711 1324 746 1389 in
759 1325 872 1392 verbis
890 1342 956 1390 uon
970 1326 1117 1412 amplius
1130 1328 1237 1394 aare

137 1440 213 1491 retu
225 1424 433 1507 libenterque
446 1424 639 1490 auctoribus
652 1424 753 1509 hojns
766 1428 943 1492 „nuntiae
955 1428 1156 1510 aooadweni,
1167 1431 1238 1496 nisi

138 1525 293 1591 obstaret
305 1524 403 1591 loeus
418 1524 525 1591 Curtii
545 1540 597 1592 iv,
610 1527 643 1591 4.
664 1526 719 1591 iin.
764 1528 823 1593 dia
839 1528 955 1613 judioe
975 1530 1065 1594 enim
1086 1529 1238 1608 Curtius,

138 1626 326 1709 imperante
339 1624 569 1710 Vespasiano,
583 1626 627 1691 de
644 1626 738 1711 Tyro
760 1630 917 1711 proiecto
937 1629 1082 1695 scribere
1095 1648 1163 1695 non
1177 1649 1239 1715 po-
1303 1656 1311 1663 ·

139 1728 278 1805 unisset
291 1744 370 1811 quae
385 1728 434 1792 ibi
446 1725 607 1810 legisuus,¹
621 1744 697 1793 cnm
711 1728 821 1815 Syria,
832 1730 876 1796 ad
889 1748 993 1815 quam
1005 1738 1079 1796 tom
1089 1732 1240 1816 pertine-

139 1832 204 1897 bat
215 1829 339 1914 Tyrus,
351 1850 374 1896 a
387 1830 543 1897 cladibus
557 1830 648 1909 belli,
663 1851 731 1915 qno
747 1830 959 1915 Respublica
971 1832 1165 1900 Judaeum
1179 1853 1239 1917 pe·

138 1932 235 1997 nitus
253 1932 480 2012 dilabebatur,
504 1932 641 1997 minime
664 1938 757 1999 osset
782 1925 952 1998 inininois.
995 1930 1076 2001 Vid.
1101 1933 1241 2018 Joseph.

140 2032 232 2097 Bell.
243 2032 326 2099 Jud.
341 2050 383 2098 n.
400 2034 454 2100 19.
468 2038 503 2099 et
517 2032 655 2117 passim.

189 2132 302 2199 Multo
321 2134 433 2199 minus
452 2152 533 2199 vero
554 2132 744 2197 audiendus
764 2137 817 2197 est
838 2133 888 2199 Is.
911 2133 1098 2212 Pantanus,
1118 2134 1176 2219 qui
1190 2137 1241 2201 io-

104 2322 108 2325 ,
142 2254 224 2301 aum
239 2233 349 2301 Curtii
364 2234 408 2301 ad
427 2233 610 2319 Trajanum
632 2232 742 2311 reim,
759 2239 863 2317 atque
882 2233 1031 2317 inprimis
1051 2230 1243 2318 praecedeu-

141 2343 211 2403 am
226 2334 358 2414 Vossii,
380 2335 505 2401 Clerici
524 2339 627 2419 atque
652 2332 873 2399 Freinshemii
892 2334 1090 2401 seutentiam
1111 2336 1242 2421 impug-

142 2444 218 2503 nat.
261 2435 388 2503 Vesuui
403 2438 488 2503 enim
503 2454 584 2505 vero
598 2435 742 2501 ridicule
755 2435 838 2501 inuit
851 2436 887 2500 in
901 2435 1085 2501 Malianda
1098 2438 1242 2516 iliorum,

143 2547 180 2604 et
200 2543 324 2603 temus
345 2538 416 2621 agit
437 2538 473 2603 in
492 2537 667 2621 probanda
685 2554 726 2602 ae
747 2536 929 2601 munienda
949 2555 1012 2603 sna
1033 2538 1144 2621 ipsius
1167 2542 1243 2623 opi·

143 2639 251 2705 niune.
295 2638 432 2707 Soilioet
457 2636 504 2715 id,
531 2637 621 2721 qnod
648 2638 907 2721 mensionum*
929 2638 1037 2704 virum
1064 2640 1100 2705 in
1128 2643 1244 2724 prinis

49 2752 56 2759 ·
146 2740 294 2811 offendit,
315 2746 380 2817 est,
396 2739 487 2823 quod
502 2737 739 2823 Vespasianus
753 2739 896 2824 ejusque
910 2739 971 2804 filii
994 2758 1060 2805 non
1079 2742 1165 2806 satis
1185 2741 1245 2807 diu

145 2843 367 2925 regnaverint.
408 2846 419 2877 ‘
434 2838 615 2917 Haerebis:
628 2838 793 2925 (inquitin
807 2841 914 2925 Epist
927 2841 972 2906 ad
986 2840 1066 2907 Ger.
1080 2838 1245 2907 Vossinm

146 2942 292 3028 soripta)
311 2948 321 2980 ‘
336 2943 548 3009 nihilominus
563 2942 709 3025 usquein
724 2941 793 3007 iliis
807 2943 940 3007 verbis:
962 2945 973 2976 ‘
988 2942 1079 3007 absh
1098 2944 1246 3021 invidia:

144 3048 209 3111 doc.
234 3044 323 3129 quod
348 3042 557 3127 Vespasiani
580 3044 756 3127 posteritas
780 3043 937 3109 diuturna
969 3062 1036 3109 nou
1067 3043 1181 3124 inerit,
1210 3054 1248 3110 et

148 3147 241 3211 titius
254 3146 330 3232 ejus
350 3146 453 3213 'litos
476 3164 580 3214 annm
594 3150 724 3211 tantm
746 3146 843 3223 duos,
856 3145 962 3213 irater
976 3162 1058 3211 vero
1078 3146 1161 3218 Viti,
1174 3148 1247 3213 Do-

147 3248 321 3324 mitianus,
342 3248 533 3332 quindecim
553 3248 696 3330 imperio
716 3235 931 3329 uansegeritss'
971 3246 1081 3325 Quasi
1099 3245 1248 3326 Curtius,

149 3351 181 3415 si
209 3346 424 3433 Vespasiano
449 3350 529 3417 vivo
553 3350 755 3433 scripsisset,
779 3348 964 3433 praevidere
985 3347 1154 3431 potuisset
1175 3348 1250 3416 iata

149 3451 246 3517 iiiios
265 3448 389 3517 domus
411 3457 446 3516 et
467 3458 548 3516 vota
572 3468 636 3515 sua
657 3451 764 3515 irrita·
807 3449 938 3514 Eodem
954 3447 1076 3531 ingenii
1098 3451 1250 3515 aonmuo

150 3552 270 3619 addit:
288 3556 300 3587 ‘
316 3550 446 3635 Estque
459 3551 652 3630 noandum,
675 3571 753 3617 oum
774 3551 894 3616 domus
909 3550 1065 3634 ejusdem
1075 3551 1251 3633 posterita-

149 3664 221 3721 tain
241 3652 332 3719 dieat
349 3650 497 3731 Curtius,
518 3654 654 3717 minima
676 3651 719 3716 ad
742 3651 998 3735 Vespasianum
1021 3649 1088 3715 hoo
1110 3648 1252 3715 τοΐοῐοιι-

150 3757 246 3833 dum,
260 3758 271 3789 ‘
286 3753 345 3820 eui
360 3753 420 3819 dlii
436 3751 654 3831 successere,'
668 3752 731 3817 sed
747 3753 871 3836 optime
891 3750 1057 3835 quadrare
1076 3752 1112 3815 in
1132 3750 1251 3835 Traja-

149 3856 304 3941 numqui
318 3872 364 3920 ex
378 3854 556 3921 suadonio
576 3872 617 3919 ac
638 3854 768 3920 familia
791 3852 1003 3917 Hadrianum
1024 3869 1253 3919 successorem

150 3959 293 4027 sortitus
321 3953 394 4022 est!
438 3952 543 4033 Quid,
573 3974 703 4041 quaeso,
727 3955 876 4041 jejunius
900 3961 954 4020 est
983 3954 1043 4020 tali
1075 3956 1252 4022 ratiocina-

366 4168 374 4203 Ι
390 4167 457 4219 Vide
469 4166 558 4222 Cnosii
568 4166 712 4219 Coiaunoent.
723 4164 756 4215 nd
768 4180 826 4215 coia
838 4166 924 4216 insoni
935 4173 989 4217 not.
1000 4174 1032 4217 θ’.
