2925 4867
250 368 316 433 lte
646 383 675 430 r.
699 378 955 430 senissimum

249 526 411 606 gatissimoe
424 525 522 585 inmte.
562 523 718 606 Reliquam
739 525 961 588 multitudinem
979 537 1085 604 taque
1099 526 1243 606 pretiosas
1259 528 1345 588 duces

250 633 411 682 avexerunt
424 623 454 682 in
468 623 534 682 Con
548 622 701 683 insulam·
742 623 793 683 ἢ,
814 621 981 684 Alexander
995 623 1105 684 indicio
1120 625 1347 704 transfugarum,

249 731 280 778 et
300 719 418 798 objecta
444 718 540 779 oculis
565 720 676 798 specie,
701 737 770 798 quse
798 720 829 780 in
851 720 924 779 urbe
951 728 1037 798 gesta
1061 719 1187 780 luissent
1211 721 1348 801 cognitis,

248 835 421 895 quanquam
442 815 543 876 medie
562 825 662 888 nocte,
686 813 871 890 Maccdonas
885 822 893 852 ⁸
906 815 936 874 in
958 817 1058 876 urbem
1081 816 1199 888 irruere,
1221 827 1253 876 et
1276 835 1349 896 quos
1449 855 1450 874 r

247 911 419 972 incendium
440 923 585 994 angentes
609 911 885 992 deprehendissent,
901 911 1081 982 interficere:
1104 913 1129 972 si
1150 913 1200 991 qui
1221 912 1302 973 domi
1317 931 1349 972 se
1449 961 1450 972 ,

248 1008 445 1082 continerent,
459 1011 497 1069 ab
517 1026 619 1070 eorum
643 1007 727 1069 cede
751 1008 931 1090 temperare'
940 1007 1035 1088 jubet.
1077 1011 1128 1070 ta.
1151 1009 1228 1068 ane
1246 1010 1350 1070 oborta

248 1120 332 1166 arces
346 1125 365 1166 a
379 1105 478 1168 Persis
492 1116 522 1166 et
537 1105 723 1166 mercenariis
745 1105 877 1166 insessas
892 1104 1120 1185 contemplatus,
1135 1123 1203 1166 curn
1218 1104 1349 1165 obsidio-

247 1219 315 1262 nem
343 1221 443 1263 esrom
470 1203 551 1282 longi
578 1202 676 1284 operis
703 1202 831 1264 futuram
862 1200 1071 1282 suspicaretur,
1100 1221 1196 1281 neque
1224 1202 1350 1281 pretium
1449 1229 1450 1256 r

246 1307 373 1377 potaret,
394 1299 493 1378 capite
520 1298 618 1378 gentis
645 1307 827 1378 expugnato,
855 1297 971 1359 duabus
1006 1299 1121 1358 arcibus
1158 1297 1350 1370 assidentem,
1449 1357 1450 1376 ,

247 1393 355 1472 agendi
380 1403 497 1474 tempus
520 1413 572 1474 per
596 1394 689 1454 otium
711 1405 742 1456 et
764 1393 898 1454 inertiam
923 1406 1034 1464 terere3
1055 1395 1105 1453 24.
1126 1395 1229 1454 orbern
1255 1395 1348 1476 ipsam
1449 1441 1450 1444 η

246 1488 421 1562 exscindit?
434 1509 517 1552 arces
538 1509 622 1552 moro
644 1491 785 1570 fossaque
807 1491 1018 1570 circumseptas
1041 1489 1233 1551 Ptolemaeum
1250 1493 1349 1552 obser·

246 1604 314 1646 vare
333 1586 444 1666 jubet,⁴
459 1605 549 1668 quem
569 1607 637 1650 cum
662 1588 757 1649 tribus
782 1586 911 1648 millibus
936 1587 1156 1668 peregrinorum
1169 1587 1350 1659 rnilitum,.et

246 1683 394 1761 equitibus
408 1684 545 1745 ducentis
556 1683 596 1744 ad
610 1683 727 1744 Cariam
742 1683 884 1744 tuendam
903 1682 1097 1763 relinquebat.
1138 1683 1168 1743 ls
1182 1702 1242 1744 non
1259 1684 1347 1763 longo

245 1791 315 1858 post
342 1791 484 1861 tempore,
511 1779 606 1860 copiis
633 1799 701 1840 cum
730 1779 868 1840 Asandro
891 1778 992 1860 Lydiae
1015 1790 1141 1860 pretore
1168 1779 1346 1859 conjunctis,

246 1877 451 1938 Orontobaten
466 1877 529 1938 acie
541 1877 611 1937 sicit
619 1877 647 1937 :'
659 1887 691 1938 et
704 1876 933 1950 Macedonibus,
945 1877 989 1937 irs
997 1876 1147 1956 taedioque
1156 1876 1347 1938 diuturnioris
1449 1897 1450 1960 j

245 1991 347 2048 more,
369 1971 584 2055 oppugnationi
608 1973 714 2033 acriter
737 1973 986 2045 incumbentium,
1005 1991 1089 2033 arces
1113 1973 1143 2032 in
1167 1983 1345 2051 potestatem
1449 1979 1450 2052 ᾗ

245 2067 375 2129 redacte
399 2079 479 2130 snnt.
520 2070 570 2129 25.
592 2069 632 2129 At
654 2085 705 2128 rex
728 2067 889 2148 Phrygiam
908 2068 1153 2147 continentesque
1176 2070 1343 2147 provincias
1449 2075 1450 2116 ἓ

244 2163 345 2224 animo
357 2164 548 2243 comptem:
560 2163 785 2224 Parmenionem
800 2181 867 2223 corn
887 2163 1046 2224 amicorum
1061 2164 1163 2225 turmis
1178 2174 1209 2225 et
1222 2165 1344 2226 auxilia·
1449 2153 1450 2232 ξ

244 2259 296 2319 riis
310 2259 470 2338 equitibus,
482 2259 693 2340 Thessalisqne
717 2259 824 2340 quibus
840 2257 1011 2320 Alexander
1028 2259 1189 2342 Lyncestes
1211 2275 1345 2342 preerat,

245 2353 355 2414 Sardes
379 2354 490 2423 mittitr
512 2362 570 2414 ‘nt
590 2354 661 2414 inde
680 2354 710 2414 in
736 2353 896 2436 Phrygiam
914 2355 1046 2430 irrueret,
1060 2370 1241 2438 venturoque
1264 2381 1347 2420 exer·
1449 2369 1450 2412 l

244 2451 316 2511 citui
340 2460 537 2511 commeatum
556 2463 587 2512 et
608 2451 750 2531 pabulum
772 2469 809 2512 ex
832 2451 947 2512 hostico
968 2454 1116 2532 pararet?
1137 2453 1208 2514 data
1229 2455 1267 2517 ad
1290 2455 1345 2516 hoc

243 2546 388 2626 plaustra,
413 2565 480 2627 qnoe
502 2546 589 2608 simol
603 2547 793 2611 ducerentur.
849 2549 899 2608 26.
922 2548 997 2608 Cum
1017 2549 1125 2611 deinde
1146 2551 1257 2612 multos
1279 2551 1351 2614 lla-¹

243 2643 401 2718 cadonum,
423 2645 514 2723 paulo
542 2653 613 2704 ante
633 2663 698 2705 earn
727 2644 946 2726 expeditionem
968 2645 1065 2708 ductis
1091 2644 1243 2722 uxoribus,
1268 2651 1347 2711 desi·

244 2739 358 2799 derium
380 2758 481 2800 earnm
505 2740 692 2822 impatienter
715 2741 790 2802 lerre
814 2741 1052 2821 cognovissent¹
1072 2743 1268 2806 Ptolemaeum
1293 2747 1345 2808 Se·
1449 2771 1450 2808 ι

243 2834 321 2896 leuci
334 2835 427 2896 lilium
440 2837 571 2918 corporis
591 2836 746 2897 custodem
761 2837 796 2897 iis
809 2839 953 2919 proeiecit,
969 2839 1167 2920 ‘domumque
1180 2840 1348 2905 deducerc'
1449 2831 1450 2840 ἵ

238 2931 340 3010 jussit,
352 2940 438 2992 ‘curn
447 2932 588 2993 uxoribus
597 2932 835 3012 hybernaturosr'
847 2933 908 2994 dno
919 2953 1038 3015 quoque
1050 2955 1087 2997 ex
1098 2937 1222 2999 ducibus
1235 2939 1346 3000 Coenos

244 3039 334 3106 atque
358 3025 511 3106 Meleager
533 3030 571 3088 ob
594 3029 720 3089 eandem
743 3047 865 3090 causam
885 3049 944 3091 una
967 3033 1091 3112 proiecti
1114 3045 1193 3095 suut.
1236 3039 1287 3099 27.
1310 3035 1346 3096 ld
1449 3029 1450 3082 l

242 3124 305 3202 regi
339 3143 457 3203 magne
491 3124 571 3205 opud
599 3125 707 3185 milites
738 3125 988 3189 commendationi
1017 3127 1081 3202 luit,
1110 3131 1346 3214 promtioresque
1449 3127 1450 3140 ¹

242 3217 351 3279 deinde
373 3239 424 3281 eos
448 3219 488 3280 ad
511 3219 704 3302 longinquam
728 3221 860 3284 militiam
886 3223 1025 3300 reddidit,
1039 3243 1107 3286 curn
1128 3229 1174 3287 sui
1199 3229 1344 3290 rationem

241 3315 373 3374 habitam
393 3314 535 3389 viderent,
549 3331 762 3399 sperarentqne
785 3317 926 3402 deinceps
948 3323 1037 3382 etiam
1057 3323 1097 3384 ad
1117 3345 1186 3386 suos
1201 3327 1344 3388 visendos

242 3409 369 3469 subinde
390 3424 586 3473 commeatum
598 3413 816 3504 ximpetraturos
838 3435 916 3478 esse.
957 3419 1008 3478 ta.
1029 3417 1162 3480 Ducibus
1175 3421 1346 3501 injunctum

242 3515 298 3577 est,
313 3509 323 3538 ⁸
337 3513 371 3564 ut
388 3506 515 3580 interim,
529 3507 600 3568 dum
614 3509 644 3569 in
658 3509 839 3572 Macedonia
863 3525 1054 3586 morarentur,
1071 3523 1189 3576 strenue
1208 3517 1348 3580 delectus
1449 3515 1450 3522 '

242 3611 383 3680 egerente
406 3612 592 3683 quantasque
614 3607 759 3668 maximas
778 3617 903 3688 possent
922 3609 1053 3688 equitum
1079 3611 1273 3692 peditumque
1294 3633 1349 3675 co-

240 3697 316 3776 pias,
330 3714 397 3758 cnm
412 3696 448 3758 iis
461 3698 512 3780 qui
526 3710 588 3761 turn
602 3701 733 3776 abibant,
745 3704 799 3763 snb
814 3703 927 3765 is'aium
936 3705 1012 3764 veris
1027 3703 1253 3768 adducerent.''
1293 3711 1347 3772 29.

240 3791 455 3857 Animadverso
469 3805 568 3856 autem
581 3797 742 3860 exereitum
751 3799 886 3862 Asiaticis
897 3801 1027 3863 moribus
1042 3803 1132 3877 infici,
1142 3823 1348 3886 magnamque

273 3993 285 4017 ⁰
301 3984 378 4037 Diod.
389 3988 407 4038 l.
419 3989 437 4039 1.
811 4005 869 4043 ην.
879 4009 904 4058 p.
915 3999 972 4046 aar.

273 4069 286 4100 ¹³
303 4060 345 4112 ld.
356 4063 398 4114 l.l.
846 4073 1001 4139 ‘Arriam
1013 4079 1054 4128 lb.

272 4143 285 4178 ‘t
302 4134 405 4187 Arrinn.
417 4139 433 4189 1.
444 4141 461 4188 l.
842 4157 853 4182 ²
870 4149 974 4201 Arrlsn.
986 4151 1004 4200 l.
1013 4153 1032 4203 1.

272 4217 283 4244 ¹
298 4211 487 4267 cortuum.
497 4214 768 4270 Arrisn.rr.t.!trsb·
842 4231 852 4256 ¹
871 4223 910 4275 ld.
921 4225 938 4274 l.
951 4226 970 4274 l.
