2925 4867
373 390 433 435 οι..-
453 386 546 435 cxrr.
569 374 602 437 2.
637 390 674 437 s.
698 390 759 439 ors.
784 391 819 439 n.
841 374 916 439 331.
948 306 968 333 a
1132 377 1198 441 297

102 528 275 607 celatores,
286 530 344 613 qui
362 530 529 614 praemissi
539 535 644 609 erant,
654 531 718 594 sub
729 530 946 607 lucisortum,
960 530 1120 598 ‘Darium
1136 536 1197 600 ad-

101 634 247 701 rentare'
261 636 510 701 nuntiaverunt.
534 635 701 701 Instructo
712 636 814 717 igitur
826 638 942 715 milite,
958 645 993 702 et
1008 643 1197 723 composito

100 737 237 817 agmine,
251 736 484 802 antecedebat.
505 738 559 801 10.
570 737 636 801 Sed
648 736 827 801 Persarum
838 738 1092 821 exploratores?
1103 750 1196 808 erant

100 838 187 902 mille
209 839 323 917 terme,
339 840 397 922 qui
412 839 561 922 speciem
577 839 718 920 agminis
734 840 844 922 magni
857 838 1004 904 fecerant
1014 852 1047 905 τ’
1070 843 1197 927 qnippe

99 938 154 1002 ubi
163 940 334 1023 explorari
350 958 505 1004 veranon
514 946 663 1023 possunt,
671 939 759 1005 salsa
767 946 957 1023 permetum
969 951 1194 1024 augurantnrn

99 1038 149 1103 ll.
177 1040 242 1105 llis
258 1040 410 1121 cognitis,
425 1060 498 1118 rex,
511 1060 586 1105 cum
602 1042 723 1123 paucis
738 1060 874 1105 suorum
888 1047 1061 1107 assecutus
1077 1063 1194 1127 agmen

97 1142 323 1225 retingientinm
347 1140 391 1206 ed
417 1160 512 1220 suos,
540 1142 627 1206 ulios
649 1142 785 1221 cecidit,
808 1142 897 1207 alios
911 1144 1023 1227 cepitr
1046 1145 1194 1227 equites·

97 1262 162 1325 que
178 1244 344 1326 praemisit
365 1242 464 1309 simul
489 1244 707 1327 speculatum,
729 1244 829 1307 simul
843 1252 884 1308 ot
901 1245 1022 1327 ignem,
1033 1266 1102 1328 quo
1116 1248 1193 1313 bar-

64 1334 69 1351 '
95 1345 167 1409 bari
181 1353 414 1411 cremaverant
428 1346 538 1421 vicos,
554 1346 804 1428 extinguerent:
826 1346 879 1409 12.
895 1346 1021 1430 quippo
1033 1346 1194 1429 fugientes

93 1446 221 1528 raptim
236 1447 335 1511 tectis
351 1446 548 1529 acervisque
562 1446 717 1511 frumenti
732 1446 913 1528 injecerant
926 1446 1097 1515 flammas:
1115 1470 1193 1534 qum

94 1568 171 1613 cum
188 1549 222 1612 in
247 1566 378 1613 summo
393 1548 585 1625 haesissent,
599 1547 645 1612 ad
665 1548 823 1613 inferiora
836 1549 981 1613 nondum
996 1558 1193 1631 penetrave-

90 1656 177 1713 rant.
222 1648 276 1715 ta.
300 1646 457 1713 Extincto
479 1646 579 1729 igitur
594 1648 679 1731 igne,
702 1649 882 1731 plurimum
901 1649 1056 1714 frumenti
1081 1671 1194 1735 reper-

90 1758 163 1814 tum
177 1756 249 1815 est:
270 1749 369 1833 copie
384 1750 526 1814 aliarum
540 1768 676 1835 quoque
698 1769 807 1815 rernm
822 1750 991 1815 abundare
1006 1760 1193 1835 coeperunt.

90 1852 143 1916 Ee
157 1872 211 1917 res
226 1854 302 1935 ipsa
313 1851 412 1917 militi
427 1853 469 1915 ad
485 1851 756 1936 persequendum
770 1851 902 1916 hostem
910 1850 1059 1915 animum
1072 1851 1191 1917 incen-

89 1954 164 2018 dit:
187 1954 316 2037 quippe
338 1958 452 2017 orente
475 1958 508 2017 et
529 1953 717 2036 populante
744 1972 787 2017 eo
809 1958 941 2030 terram,
964 1951 1192 2019 festinandum

87 2060 171 2132 erat,
199 2073 242 2117 ne
266 2054 425 2119 incendio
452 2062 575 2119 cuncta
603 2054 819 2137 praeriperot'
863 2054 915 2118 14.
939 2052 982 2117 In
1010 2052 1193 2119 rationem·

115 2235 457 2299 trucemtrucem
467 2234 625 2295 aessens.
721 2266 726 2276 ·

653 2324 670 2359 4

543 2364 725 2387 mmm

80 2458 105 2509 1.
121 2460 231 2510 Dorias·
245 2462 434 2513 adesum-1⁰
451 2462 567 2513 Floreat.
586 2462 660 2513 Leid.
675 2463 751 2513 Voss.
763 2466 788 2511 l.
799 2465 825 2511 t.
843 2462 915 2511 Dan.
933 2462 1018 2525 Bong.
1035 2466 1064 2509 et
1077 2460 1189 2510 l'lrsccr.

80 2522 220 2574 Persem
236 2531 383 2585 morumne,-
409 2526 478 2576 uude
498 2528 638 2577 Heinsius:
650 2526 781 2577 Persam
796 2532 931 2575 meteres.
955 2524 1028 2575 laeld.
1039 2530 1068 2573 et
1077 2525 1152 2574 Voss.
1164 2529 1189 2573 l.

79 2590 105 2635 2.
119 2590 209 2651 nupsi
219 2591 331 2650 uminis.
364 2591 442 2641 Voss.
456 2596 479 2640 i.
491 2600 519 2642 et
539 2592 581 2641 elii
600 2593 724 2657 explorare
742 2605 807 2641 nere.
831 2592 944 2640 Floreat.
956 2588 1029 2638 laeid.
1041 2588 1119 2637 Voss.
1131 2590 1154 2637 l.
1164 2590 1190 2636 2.

77 2652 175 2715 sigeb.
184 2653 296 2705 Theocr.
307 2656 396 2707 Colcn.
406 2666 434 2705 et
447 2657 514 2704 llsn.
527 2655 726 2721 nugentur,quod
735 2656 831 2705 Henrn.
841 2662 870 2704 et
882 2653 923 2702 elii
933 2651 1095 2710 defendunt3
1112 2650 1191 2700 Udsl.

79 2714 144 2766 Pal.
160 2720 186 2767 1.
199 2718 272 2767 Pith.
283 2718 345 2767 Pnt.
357 2720 441 2783 Bong.
453 2720 552 2771 Fauclr.
565 2719 615 2769 Ed.
627 2735 666 2784 pr.
678 2721 775 2769 Venet-
787 2718 863 2769 Rom.
877 2724 905 2767 et
913 2717 1011 2766 Veron.
1021 2719 1171 2777 agamur
1178 2730 1189 2773 ,·

78 2778 280 2832 Freinshemius
291 2784 515 2848 conj.flgnrnutrrr.
548 2784 617 2833 Vide
631 2784 693 2835 Not.
705 2782 769 2835 Ver.
783 2784 851 2831 ‘Vei
864 2795 924 2833 cnm
936 2780 1034 2843 cunm,
1046 2792 1111 2829 voce
1121 2778 1190 2841 sulen

75 2852 181 2907 quarto
194 2860 257 2896 cssu
273 2856 367 2909 sumtu,
382 2849 414 2897 sd
432 2853 582 2910 angurum
598 2848 705 2897 nubendi
725 2846 885 2907 ‘hominen'
902 2845 942 2895 vel
962 2858 1021 2895 cum
1031 2844 1106 2894 Voss.
1118 2848 1143 2893 1.
1160 2850 1191 2892 et

76 2908 139 2958 eliis
149 2910 257 2960 scribe:
273 2913 405 2975 explorare,
424 2921 454 2963 nt
472 2911 513 2961 ati
523 2914 647 2977 explorare
657 2912 756 2961 dictum
774 2912 819 2973 sit,
836 2924 883 2974 pro
898 2909 960 2974 ‘qul
980 2908 1117 2972 explorare
1136 2920 1189 2957 non

113 2974 232 3026 ssunt.''
256 2974 467 3026 &innon-11
486 2976 559 3028 Leid.
578 2980 607 3025 et
621 2976 699 3026 Voss.
722 2980 743 3025 i.
764 2976 828 3038 cepn't
846 2974 914 3023 ulios.
939 2974 1056 3023 Florent.
1075 2973 1188 3022 Theocr.

115 3038 157 3090 td.
169 3038 247 3089 Voss.
259 3044 284 3089 l.
295 3044 319 3089 ².
329 3041 401 3091 Dsn.
413 3047 441 3091 et
451 3040 535 3103 Boug.
545 3040 668 3089 omittunt
679 3039 751 3089 simoi
761 3047 822 3088 sote
840 3038 1059 3102 meccham-lt
1076 3038 1154 3085 Voss.
1163 3039 1189 3086 2.

72 3103 190 3151 um
198 3104 231 3151 nd
241 3104 430 3163 tvenne-rs
450 3104 521 3154 lreld.
532 3112 560 3154 et
570 3105 646 3155 Voss.
655 3108 679 3153 1.
689 3104 956 3165 insumemus.
976 3101 1090 3150 Florent.
1105 3100 1191 3148 ilem

71 3166 136 3227 sper.
174 3168 252 3217 Voss.
262 3172 287 3218 t.
299 3183 328 3218 sse
339 3169 482 3219 incendium.
516 3170 598 3231 Bong.
611 3168 726 3217 Florent.
742 3167 815 3217 Iaeid.
831 3168 907 3215 Voss.
917 3169 942 3213 t.
962 3172 990 3213 et
1001 3164 1086 3227 tago.
1104 3167 1189 3212 esset·

71 3232 303 3296 preciperet-lt
320 3234 394 3284 laid.
410 3234 526 3283 Floreat.
537 3234 612 3282 von.
624 3236 648 3283 1.
659 3236 685 3283 a.
701 3232 809 3281 Donet
825 3231 909 3293 Bong.
923 3242 993 3278 men
1002 3233 1047 3282 or.
1079 3228 1188 3277 llreocr.

585 3376 695 3429 NOTAE

103 3490 331 3557 ’Fsplorntored
353 3489 510 3555 Bongarsius
523 3490 616 3555 aliique
656 3494 705 3540 tar.
732 3486 921 3539 Freinshemius
930 3492 1016 3535 antem
1026 3488 1150 3552 conjecit,
1158 3494 1187 3539 et

64 3586 103 3623 ex
116 3570 195 3621 Mes.
210 3576 339 3631 reponunt
354 3574 490 3624 moratores.
501 3568 549 3618 hoc
566 3573 618 3630 est,
656 3572 780 3631 tanquam
791 3562 942 3613 Curtisnnm
954 3562 1068 3621 admisit,
1074 3563 1189 3628 figm-

64 3646 115 3713 qni
128 3644 244 3695 certeris
259 3644 357 3694 tordius
376 3644 547 3705 recederent3
564 3658 616 3709 qno
657 3647 706 3693 rur.

62 3737 156 3774 sensu
168 3735 223 3771 vos
234 3734 265 3770 ea
275 3720 373 3785 legitur
381 3721 449 3785 spnd
463 3720 562 3770 livium
571 3721 616 3770 lib.
688 3718 868 3785 lPron-iperet]
880 3719 984 3771 Radere
993 3714 1138 3777 elegantius
1148 3716 1186 3765 ri·

61 3814 134 3851 xxr.
156 3796 233 3863 qnod
251 3796 354 3862 quidem
375 3796 431 3847 istis
454 3796 537 3861 megls
556 3810 617 3846 con·
656 3794 904 3862 detorpraeeiperetr
922 3794 1087 3860 quodetiam
1108 3792 1187 3856 allqnl

60 3888 175 3940 gruere
189 3872 304 3935 videtur,
314 3873 358 3939 qui
370 3887 421 3923 non
435 3872 468 3922 sd
480 3873 615 3936 exploren-
657 3876 712 3919 tum
723 3872 786 3921 list.
805 3880 860 3922 tum
876 3868 995 3935 impressi
1012 3866 1188 3931 tranmissus,

57 3954 144 4013 dnm,
157 3950 212 3999 sed
229 3948 262 3999 sd
281 3950 430 3999 vastitatem
449 3958 477 4000 et
494 3948 616 3999 incendia
657 3945 749 3997 eodem
761 3962 848 3998 sensu.

57 4026 205 4080 facienda
216 4039 274 4075 curn
285 4026 386 4075 Mssreo
398 4025 481 4076 relicti
492 4030 575 4075 eraut.
687 4024 745 4072 'Is
767 4020 896 4085 entium]
923 4020 1075 4071 Necessitas
1100 4018 1186 4083 prohi-

96 4113 111 4149 ἱ
134 4104 307 4163 Amnum
323 4100 464 4166 [negatur]
493 4098 535 4151 lta
557 4100 616 4151 Mo·
656 4098 735 4148 bandi
751 4099 833 4149 hostis
850 4112 883 4148 ne
898 4097 984 4148 omnis
1000 4096 1119 4146 incendio
1130 4110 1186 4146 cor·

55 4184 126 4233 dius
141 4186 178 4231 et
192 4176 273 4243 aliqui
290 4176 356 4227 illas.
374 4178 470 4227 rectius
482 4176 616 4240 mecjndi·
655 4181 798 4238 rumperet,
809 4174 835 4223 in
851 4174 978 4224 rationem
990 4185 1063 4223 versa
1073 4175 1114 4221 est
1125 4182 1185 4236 pro·

55 4259 105 4309 cio
117 4268 210 4322 qnam
221 4252 292 4319 quod
309 4252 354 4304 aiii
370 4252 478 4317 habent,
495 4266 616 4315 marca·
655 4250 714 4316 pins
725 4250 844 4315 urgendi.
