2925 4867
256 402 299 469 aa
456 418 459 423 ·
668 400 949 461 nnotncdarcrrs

257 580 324 647 quo
347 559 442 625 libris
466 574 506 621 x.
528 557 656 621 cecinit
684 556 753 621 Res
776 567 890 640 gestas
912 554 1113 631 Alexandri,
1130 552 1286 617 Curtium
1312 553 1359 617 ad

257 663 407 741 verbum,
418 664 578 744 quantum
592 664 738 743 poterat,
752 658 902 722 imitatus
914 655 987 721 est'
998 664 1012 691 ¹

301 763 355 829 De
370 761 547 845 Alpbenso
559 780 696 845 quoqne
706 761 840 827 decimo
852 760 1033 844 Hispaniae
1048 776 1136 839 rege,
1145 758 1204 840 qai
1216 758 1360 840 Sapien-

258 864 302 931 tis
317 883 502 948 cognomen
517 864 648 943 meruit,
663 868 698 929 et
719 882 807 929 anno
826 862 924 928 1252.
945 862 1108 945 imperare
1122 860 1241 943 eoepit,
1257 859 1362 925 Anto·

259 966 334 1032 nius
357 965 620 1031 Panormitaous
639 967 674 1030 io
703 963 788 1029 Vita
808 963 882 1047 ejus
902 964 1027 1048 prodit,
1048 982 1134 1041 eum,
1158 981 1236 1027 eum
1265 962 1361 1044 gravi

260 1068 378 1134 morbo
400 1068 578 1145 laboraret,
592 1065 741 1131 remedia
760 1066 904 1131 medicis
920 1065 1045 1132 frastra
1062 1063 1361 1149 praescribentibus

260 1170 407 1253 coepisse
421 1170 531 1252 legere
545 1168 591 1247 Q.
607 1168 715 1235 Curtii
731 1167 922 1233 Historiam
933 1167 977 1233 de
991 1164 1187 1231 Alexandro
1202 1164 1253 1229 Μ.
1262 1164 1362 1231 adeo·

260 1289 328 1357 que
343 1270 438 1336 iliius
450 1270 630 1337 dulcedine
646 1276 784 1354 captum
799 1270 919 1349 fuisse,
934 1278 973 1335 at
986 1289 1030 1335 ex
1052 1269 1129 1335 sola
1140 1268 1291 1335 lectione
1307 1287 1362 1333 sa·

260 1373 399 1437 nitatem
422 1374 678 1455 recuperaverit.
722 1372 812 1439 Haec
836 1390 930 1455 saepe
955 1371 1076 1437 deinde
1100 1370 1234 1454 repetiit
1259 1370 1362 1437 rerba

261 1492 456 1557 erumpens:
480 1474 640 1539 ‘valeant
653 1471 842 1553 Aricenua,
858 1474 1099 1560 Hippocrates,
1108 1472 1231 1537 medici
1243 1472 1362 1549 ceteri,

262 1575 356 1641 vivat
370 1574 505 1641 Curtius
518 1576 703 1659 sospitator
717 1596 813 1643 meus
824 1576 873 1642 l’l

307 1676 376 1742 His
391 1677 612 1759 Wagenseilii
627 1678 740 1743 verbis
751 1680 978 1763 postscripsit
1002 1678 1180 1743 Fabricios
1201 1675 1363 1743 Bibliotb.

262 1776 363 1843 Tem.
378 1795 418 1843 ιι.
434 1798 466 1844 c.
483 1778 535 1844 17.
580 1783 590 1813 ⁴
603 1779 726 1845 Petrus
741 1779 928 1846 Hirenensis
944 1780 1057 1865 Epist.
1070 1780 1145 1844 101.
1156 1778 1243 1843 iuter
1256 1778 1363 1843 libros

262 1880 299 1947 in
314 1880 440 1945 sobolis
454 1881 601 1947 celebres
615 1880 779 1965 praedicat
792 1883 961 1967 profuisse
974 1883 1040 1947 sibi
1054 1881 1245 1964 frequenter
1260 1879 1365 1963 inspi-

261 2002 340 2049 cere
356 1982 515 2050 bistorias
532 1984 576 2063 Q.
591 1983 710 2050 Curtii.
741 1984 885 2052 Sebelas
899 1984 1123 2069 frequentavit
1137 1982 1258 2048 Petrus
1273 1981 1368 2047 cirea

264 2104 297 2149 a.
313 2084 377 2150 Cb.
393 2086 489 2151 ubo.
508 2086 577 2151 lde.
592 2087 748 2153 codicem
763 2087 990 2153 Historiarum
1005 2085 1113 2152 Curtii
1127 2103 1365 2149 annorumoe·

265 2188 498 2269 tingentorum,
513 2188 571 2271 qui
586 2192 685 2253 extat
706 2187 851 2255 Parisiis
874 2189 909 2253 in
931 2187 1144 2253 Bibliotheca
1158 2185 1366 2262 Golbertina,

264 2286 381 2356 laudat
394 2288 584 2354 Bernardus
600 2288 889 2355 Montefaleonius
902 2288 1100 2373 praefatione
1114 2286 1159 2353 ad
1175 2286 1368 2371 Paloeogra·
1426 2286 1437 2313 ⁶
1454 2307 1455 2314 ¹

263 2388 378 2473 phium
401 2388 571 2468 Graecam,
592 2399 626 2456 et
649 2390 737 2456 Dan.
755 2389 958 2457 Maicbelius
978 2389 1020 2453 de
1035 2388 1257 2453 Bibliotbeois
1275 2387 1370 2463 Pari·

265 2490 432 2557 aiensibus
452 2510 486 2573 p.
508 2490 563 2555 bd.
585 2489 752 2575 (Journal.
769 2491 931 2557 Literaire
953 2488 1053 2555 Tem.
1069 2504 1143 2555 xri.
1159 2509 1195 2574 p.
1219 2488 1274 2555 95.
1295 2488 1371 2575 96.)

266 2590 383 2656 Alium
403 2590 620 2669 Schouborii,
634 2599 810 2657 exaratum
832 2600 911 2659 ante
934 2592 1069 2675 aliquot
1093 2591 1234 2670 soecula,
1247 2592 1370 2675 Brogis

267 2692 394 2759 evolvit
419 2692 619 2759 Hadrianus
642 2693 666 2760 J
669 2694 782 2759 unius.
825 2692 926 2759 Alios
949 2692 1061 2763 codex
1083 2695 1240 2778 antiquus
1261 2692 1372 2759 Curtii

267 2796 539 2861 membranaceus
575 2794 640 2859 suit
676 2794 710 2859 in
748 2793 961 2861 Bibliotheca
997 2792 1214 2861 Menarsiaoa
1249 2815 1285 2880 p.
1313 2798 1371 2862 (id.

267 2896 367 2965 Alius
382 2916 401 2961 e
415 2897 543 2961 saeeulo
560 2897 703 2975 decimo,
718 2898 776 2980 qui
791 2897 855 2963 fnit
867 2896 1115 2980 Bongarsii,sst
1128 2897 1164 2963 iu
1179 2897 1372 2963 Bibliothe-

268 3018 311 3065 ca
324 2998 505 3065 Beruensi.'

311 3101 474 3186 Equidem
495 3099 548 3166 bis
569 3101 777 3168 testimoniis
799 3102 884 3169 nibil
909 3100 1010 3181 addo,
1025 3102 1094 3167 nisi
1112 3101 1224 3167 locum
1241 3102 1374 3169 Donati

269 3201 440 3268 Acciaioli
452 3200 492 3287 (J
495 3200 551 3267 cu
565 3200 762 3279 Florentini,
776 3204 835 3286 qui
851 3203 935 3269 obiit
949 3202 1138 3269 Mediolani
1152 3202 1266 3288 1473).
1296 3205 1373 3272 Hic

268 3310 391 3389 praeter
405 3302 474 3367 alia
491 3303 632 3385 scripsit
647 3302 764 3370 Vitam
787 3304 971 3389 Scipionis,
994 3304 1082 3371 duee
1106 3306 1263 3390 inprimis
1288 3306 1375 3375 Plu·

269 3403 396 3483 turcho,
416 3404 529 3488 ibique
549 3404 702 3471 laudavit
724 3408 926 3475 seutentiam
941 3407 1140 3476 Gurtianam
1163 3411 1216 3475 bis
1236 3410 1374 3478 verbis:

269 3506 420 3581 §.Varum
436 3505 511 3571 brec
533 3526 594 3571 nos
610 3508 790 3575 admonere
803 3509 902 3575 debet
921 3511 1110 3594 fragilitatis
1130 3512 1299 3591 bumana,
1314 3533 1376 3579 cu·

265 3608 324 3692 jus
339 3607 443 3671 nimia
456 3605 508 3691 (ut
521 3608 600 3673 ilie⁸
614 3610 735 3694 inquit)
748 3612 782 3676 in
796 3612 968 3697 prosperis
982 3614 1083 3678 rebus
1097 3613 1225 3680 oblivio
1238 3613 1314 3681 est!
1369 3656 1374 3667 ·

274 3704 277 3711 '
316 3725 372 3773 ιιι.
394 3708 481 3775 Cum
496 3708 559 3775 hoc
574 3710 675 3777 modo
688 3712 854 3779 incertum
868 3714 925 3791 sit,
938 3714 1075 3798 quando
1094 3714 1230 3803 Curtius
1244 3715 1377 3783 vixerit

303 3902 316 3929 ¹
332 3894 406 3945 ldern
421 3894 569 3949 observarit
584 3896 661 3963 Crap.
679 3898 800 3951 Bartbiur
840 3901 959 3967 dicimur,
978 3904 1047 3957 bunc
1063 3904 1223 3970 Alpboosnrn
1236 3921 1289 3958 nou
1301 3906 1382 3960 ‹leci-

271 3982 318 4019 ιιι.
327 3974 353 4021 o.
841 3994 910 4029 ιιιιιιιι
929 3980 1064 4045 Hispania
1082 3996 1179 4046 regem,
1194 3982 1240 4033 sed
1253 3982 1382 4049 quietum

303 4046 446 4096 ’Eandem
458 4062 512 4097 rem
525 4048 633 4101 tradidit
642 4050 734 4102 AEuesa
742 4050 798 4115 syr
841 4052 993 4118 Arragoaia
1015 4064 1043 4106 et
1068 4056 1193 4120 Neapolis
1215 4058 1307 4119 tuisse,
1328 4063 1381 4127 qui

271 4121 328 4171 rius
338 4120 396 4175 ild.
412 4124 483 4188 Opp.
503 4124 549 4175 sed
566 4141 581 4175 e
598 4126 664 4177 libro
680 4128 800 4181 Gratiani
840 4130 907 4180 obiit
918 4136 991 4183 ille.

271 4196 305 4247 de
317 4197 420 4251 caribus
432 4199 552 4251 Virorum
565 4200 707 4255 illustrium
718 4218 746 4267 p.
757 4208 799 4255 2⁰.
871 4211 882 4237 ¹
898 4206 1003 4259 Curtius
1015 4220 1056 4261 rv-
1067 4211 1107 4261 lt.
1119 4212 1160 4260 2⁰.
