2925 4867
263 348 309 415 50
734 362 890 413 ruurcrn

263 528 350 595 opus
386 510 490 573 totum
525 524 810 589 recognoscerem,
851 526 893 571 ac
930 504 1106 587 diligenter
1141 502 1355 568 emendarem.
1387 538 1390 545 ·

133 688 138 701 ⁸
264 609 363 691 Quod
377 628 418 673 eo
432 607 587 672 libentius
608 607 685 685 feci,
709 606 800 691 quod
822 607 883 672 tibi
904 606 963 672 ille
984 612 1113 671 estnon
1127 604 1226 670 modo
1241 603 1356 688 volup·

262 720 375 789 tatem,
405 710 463 774 sed
498 710 601 774 etiam
636 709 823 775 doctrinam
853 708 1020 773 allaturus
1048 725 1117 771 nou
1144 705 1355 770 mediocrem.

261 815 325 879 Est
339 814 426 879 enirn
441 810 485 891 Q.
500 809 635 877 Curtius
650 812 685 875 in
701 808 875 876 scribendo
890 816 1021 886 acutus,
1036 808 1226 885 vehemens,
1242 806 1355 871 caudi-

262 917 337 994 dns,
352 933 393 980 ac
409 931 568 997 perquam
589 911 768 996 eloquens:
790 912 826 975 in
847 910 1066 977 concionibus
1080 909 1167 973 enim
1185 927 1270 991 quas
1284 925 1354 971 cre-

126 1074 132 1089 .
262 1020 321 1084 bro
336 1016 494 1100 reperies,
518 1019 680 1096 quantum
701 1012 761 1077 ille
785 1011 918 1096 ingenio
940 1018 974 1077 et
995 1008 1189 1092 eloquentia
1203 1007 1356 1085 valuerit,

261 1120 361 1185 facile
375 1134 568 1200 cognosces.

591 1304 802 1371 Volaterrani
815 1302 959 1389 Autrop.
973 1305 1029 1371 64.

304 1422 442 1487 Curtius
458 1420 652 1486 Historicus
673 1420 814 1504 scripsit
836 1422 878 1486 de
900 1420 1019 1486 Gestis
1032 1417 1219 1487 Alexandri
1233 1414 1284 1486 ll.
1300 1438 1356 1487 cu·

257 1527 315 1609 jus
329 1523 413 1589 liber
426 1522 516 1587 haud
533 1523 660 1605 integer
674 1521 717 1587 ed
730 1541 794 1587 nos
807 1522 967 1605 pervenit.

328 1701 450 1785 Angeli
466 1700 659 1767 Decembrii
682 1700 724 1767 de
741 1699 868 1765 Politia
882 1699 1047 1767 Literaria
1067 1698 1127 1768 lib.
1141 1716 1166 1765 1.
1189 1724 1223 1787 p.
1246 1702 1301 1769 36.

535 1804 595 1867 lib.
613 1818 702 1887 11..p.
718 1803 795 1868 119.
811 1802 871 1868 lib.
887 1820 938 1867 vr.
952 1824 988 1887 p.
1002 1802 1079 1868 487.

306 1921 360 1986 De
377 1919 421 2000 Q.
436 1918 553 1985 Curtio
570 1920 688 1985 eadem
711 1939 815 2005 prope
834 1920 972 2003 querele
985 1923 1048 1998 est,
1064 1920 1163 2006 eujus
1177 1922 1357 1989 laceratum

262 2042 347 2108 opus
359 2022 498 2105 legitur:
514 2039 706 2106 quenquam
717 2020 915 2086 Graecorum
931 2028 965 2087 et
979 2020 1113 2088 Arriani
1127 2028 1261 2089 constat
1276 2024 1358 2089 His·

260 2125 356 2202 toria,
378 2143 423 2189 ex
446 2142 589 2206 quornm
604 2123 754 2187 sontibus
767 2122 822 2189 hic
837 2123 992 2208 Scriptor
1004 2124 1058 2191 vel
1075 2125 1243 2210 interpres
1262 2125 1356 2189 mure

262 2226 464 2304 dulcedinis,
486 2227 654 2308 regiaeque
670 2226 821 2309 profecto
835 2222 1092 2309 magnificentias
1106 2246 1178 2310 par,
1189 2228 1235 2292 ab
1249 2224 1359 2291 Alex·

261 2326 365 2392 andro
379 2348 443 2392 uon
459 2328 658 2410 degenerans
674 2320 764 2410 opus
789 2347 886 2393 suum
907 2326 1064 2394 excudit:
1087 2328 1188 2411 cujus
1216 2348 1357 2393 summae

262 2435 341 2494 sunt
355 2429 529 2511 diguitatis
550 2434 584 2493 et
599 2429 784 2495 Historieee
807 2430 989 2495 suentana
1009 2428 1197 2496 Orationes.
1239 2430 1360 2515 [Quod

262 2531 483 2596 Decembrius
496 2529 637 2595 affirmat
653 2528 805 2596 Curtium
818 2531 977 2597 hausisse
999 2550 1047 2597 ex
1069 2532 1202 2597 Arriani
1224 2549 1361 2616 qnoque

260 2632 421 2711 lontibus,
437 2632 631 2698 mendosum
646 2640 709 2699 est.
754 2634 918 2699 manus
931 2636 1047 2700 multis
1060 2634 1157 2699 anuis
1173 2641 1255 2717 post
1276 2633 1362 2699 Gor·

262 2735 342 2798 tium
359 2733 518 2819 scripsit]

387 2915 520 2980 Erasmi
536 2914 759 2983 Roterodami
773 2915 807 2980 iu
822 2914 981 3001 Epistola
996 2917 1226 2983 Dedicatoria.

304 3046 454 3113 Curtium
477 3047 607 3114 itineris
633 3068 674 3113 ae
698 3050 921 3132 navigationis
944 3051 1102 3118 comitem
1124 3050 1279 3135 adjunxi,
1301 3052 1362 3137 qui

261 3149 339 3215 mihi
355 3150 435 3215 olim
450 3168 571 3233 puero,
585 3150 667 3215 mire
692 3151 856 3216 candidus
877 3170 923 3217 ac·
939 3156 1047 3217 tersus
1067 3154 1237 3219 estrisue.
1282 3152 1362 3219 Nec

261 3252 348 3315 elius
363 3271 443 3316 saue
458 3252 552 3315 visus
568 3258 619 3316 est
639 3272 684 3317 ex
697 3258 793 3317 tanto
814 3260 1006 3335 regustatus
1025 3255 1211 3320 intervallo.
1256 3256 1364 3322 Dolet

260 3350 442 3417 Auctorem
455 3354 549 3418 lectu
564 3353 796 3435 dignissimum
817 3352 966 3431 ἀκέφαλον
987 3356 1085 3421 uobis
1107 3374 1293 3440 superesse,
1308 3360 1364 3423 ui·

260 3454 378 3517 mirum
402 3453 537 3517 dnobus
559 3454 759 3536 primoribus
781 3456 876 3521 libris
898 3458 1089 3540 amputatis,
1111 3458 1231 3523 uitium
1252 3459 1366 3542 pluri·

259 3556 324 3619 bns
339 3556 372 3619 io
389 3554 479 3619 locis¹
488 3562 607 3621 trunco
621 3555 815 3640 mutilaque.
860 3556 1014 3622 Risimus
1026 3559 1154 3622 interea
1167 3556 1365 3626 Graculm

260 3656 295 3719 in
323 3655 477 3720 Historia
500 3656 697 3736 vanitatem,
720 3676 826 3740 quam
848 3666 962 3723 tamen
987 3658 1033 3737 Q.
1057 3658 1194 3725 certine
1214 3660 1366 3727 moinus

261 3764 465 3840 temperasse
484 3757 626 3823 videtur.

538 3936 630 4003 Guil.
646 3936 770 4005 Budeei
784 3938 828 4005 de
841 3937 931 4005 Asse
942 3939 1002 4007 lib.
1018 3954 1077 4005 ιιι.

303 4052 344 4117 ln
353 4070 396 4117 ea
407 4054 510 4137 igitar
522 4055 616 4133 urbe,
632 4063 779 4137 quantas
790 4075 871 4141 spes
881 4055 1080 4123 Alexander
1090 4060 1229 4143 ceperit,
1243 4061 1367 4128 veebis

260 4153 369 4239 ipsios
385 4156 493 4223 Curtii
507 4156 667 4223 Auctoris
682 4158 762 4224 tersi
777 4164 812 4225 et
824 4159 993 4245 elegantis
1006 4160 1197 4228 menas.
