2925 4867
399 404 528 455 suero.
551 404 591 463 ru
615 406 650 467 u·
673 406 849 467 continu
873 408 946 458 nra.
971 411 998 460 r.
1200 395 1246 461 rt

148 560 238 623 supra
252 554 327 607 eret.
369 546 445 617 Natu
460 566 527 607 curn
541 558 623 617 esset
632 548 729 617 leudis
744 548 944 623 aridissimus.
963 571 1023 617 non
1037 551 1245 632 undecumque

147 658 214 699 eam
229 638 399 715 affectabat,
413 641 466 705 sed
481 642 599 723 optimis
613 643 780 725 quibusque
802 648 965 728 comparari
985 648 1136 727 gaudebat
1150 656 1180 712 :¹
1199 648 1247 712 iu·

148 735 272 813 gloriam
289 756 325 798 ex
339 738 447 805 vilibus
461 739 590 818 palmam
602 740 784 821 intelligens,
798 754 940 823 tantoque
954 744 1140 811 illustriorem
1152 747 1245 810 uicto·

148 829 234 905 rum,
247 842 361 911 quanto
375 852 451 913 quos
466 834 586 903 vicisset
600 836 690 915 pluris
713 837 900 909 haberentur.
946 841 991 903 17.
1017 841 1098 921 Ergo
1119 843 1246 907 dicenti·

148 926 218 995 bue,
238 930 399 1007 ‘quoniam
420 950 509 1001 cursu
532 932 687 1011 plurimum
711 934 830 1009 valeret,
854 935 963 1005 debere
985 939 1115 1017 profiteri
1138 958 1247 1002 nomeu

148 1024 336 1088 suum-iuter
351 1046 418 1099 eos,
437 1028 488 1107 qui
512 1027 677 1110 Olympici·
693 1030 771 1094 ludio
784 1032 923 1093 certaturi
935 1046 1047 1106 essem,
1060 1034 1247 1115 cognominis

147 1118 205 1178 sibi
218 1121 295 1198 regit
306 1123 442 1201 exemplo
452 1145 460 1192 ς
469 1128 482 1153 ⁰
503 1144 640 1205 magnam
654 1146 691 1191 oa
705 1148 736 1189 re
750 1148 801 1208 per
813 1128 960 1194 Graeciam
975 1131 1030 1193 sibi
1044 1131 1153 1195 famam
1165 1150 1247 1193 com·

147 1217 351 1300 paraturum·'
375 1220 561 1295 ‘Facerem’
580 1222 685 1302 inquit,
706 1224 753 1284 ‘si
776 1244 862 1303 reges
883 1224 1020 1289 baberent
1042 1225 1248 1290 adversarior!

151 1312 201 1369 18.
232 1311 355 1389 Quoties
379 1325 432 1375 aut
458 1317 600 1395 preclara
623 1320 724 1397 aliqua
747 1339 848 1398 pugna
874 1320 1027 1402 Philippus
1049 1322 1169 1395 uicerat.
1195 1332 1248 1388 eut

147 1406 294 1485 oppidum
318 1410 491 1489 opulentum
516 1411 545 1475 in
570 1424 751 1492 potestatem
772 1414 944 1495 redegerat:
971 1417 1141 1484 tenuatus
1169 1404 1246 1487 aliis,

146 1502 216 1578 ipse
232 1502 311 1565 baud
326 1507 450 1567 obscure
470 1507 719 1575 indolescebatrr
739 1525 924 1590 exceptaque
948 1532 1006 1571 uox
1028 1525 1075 1576 est
1097 1514 1248 1595 querentis

146 1599 229 1660 inter
242 1602 385 1678 aequales,
405 1602 499 1662 ‘nihil
513 1604 617 1684 reliqui
634 1606 780 1671 facturum
800 1618 913 1686 patrem
937 1608 994 1675 sibi
1017 1608 1160 1688 ipsisque.
1179 1629 1248 1671 curn

145 1694 352 1759 adolevissent
364 1699 383 1757 ι’
402 1698 511 1779 quippe
536 1699 735 1781 deperiturum
746 1700 849 1780 gloriae
863 1704 1028 1776 verebatur,
1042 1702 1183 1782 quicquid
1197 1722 1248 1768 ao·

145 1792 293 1861 cessisset
306 1796 432 1874 opibus:
447 1815 502 1857 nec
514 1805 572 1859 tarn
585 1796 688 1860 barum
698 1796 897 1877 possessione,
910 1818 999 1877 quern
1012 1798 1099 1866 istius
1109 1798 1249 1879 cupidine

145 1890 333 1951 movebatur.
371 1890 543 1956 19.'Somni
557 1903 662 1962 nutura
675 1894 876 1973 parcissimus,
888 1896 977 1956 etiam
991 1905 1054 1955 arte
1065 1894 1249 1975 vigilantiam

145 1986 334 2065 adjurabat:
355 1990 381 2049 si
402 1988 474 2069 quid
495 1990 684 2063 occurrisset,
706 1992 787 2071 quod
813 1992 889 2052 seria
909 1991 1101 2054 meditatione
1125 1989 1249 2069 dignuin

146 2084 319 2153 videretur;
339 2086 554 2167 comprehensa
573 2086 635 2167 pila
658 2091 823 2165 argentee,q
849 2086 1002 2147 brachium
1028 2098 1112 2147 extra
1137 2086 1249 2152 lectura

146 2182 372 2261 porrigebatur
382 2182 412 2246 iu
421 2182 583 2263 subjectam
591 2184 699 2263 pelvim
705 2183 822 2263 illapsa,
831 2182 960 2245 excitato
974 2181 1085 2253 sanun,
1101 2192 1249 2262 torperem

146 2279 181 2343 in
206 2298 344 2347 somnum
365 2279 530 2349 deficientis
554 2281 724 2343 discuteret.
775 2282 826 2341 20.
855 2279 938 2341 Deos
960 2278 997 2339 ab
1016 2278 1138 2343 ineunte
1159 2288 1249 2345 estete

146 2374 308 2453 magnifice
322 2377 435 2439 coluit.r
475 2378 566 2441 Sacro
579 2376 710 2456 quodam
729 2375 771 2438 ita
784 2374 944 2437 liberaliter
957 2374 1045 2443 thura
1057 2374 1183 2441 flammis
1204 2375 1249 2433 in·

147 2470 229 2544 tulit,
243 2484 278 2533 ut
293 2471 451 2545 Leonidas,
463 2475 506 2536 vir
525 2493 646 2541 seuerus
672 2483 703 2535 et
720 2492 839 2554 pareus,
859 2471 1060 2552 profusionem
1080 2471 1169 2533 istem
1188 2489 1249 2531 uon

147 2568 264 2637 ferens,
286 2568 475 2641 exclamaret,
497 2570 565 2632 ‘sic
586 2569 732 2643 adolebis,
753 2590 822 2636 cum
847 2569 983 2649 regiones
1007 2568 1172 2647 subegeris,
1198 2566 1250 2630 ubi

146 2664 215 2726 haec
241 2666 425 2733 nascuntur‚’
466 2668 517 2729 21.
538 2666 632 2745 Cujue
647 2665 728 2729 vocis
743 2684 865 2737 memor,
879 2684 946 2729 cum
961 2674 1067 2743 postea
1079 2662 1249 2729 thuriferam

147 2760 293 2819 Arabiam
314 2769 443 2839 pacaret,
457 2760 550 2821 multa
562 2761 687 2821 odorum
701 2760 814 2827 talenta
828 2760 910 2822 misit
923 2758 1073 2831 Leonides,
1083 2776 1151 2819 cum
1165 2773 1250 2821 mnu·

149 2854 241 2927 datia,
264 2863 272 2891 ‘
288 2876 325 2918 ne
338 2855 462 2936 posthac
475 2856 504 2915 in
518 2856 649 2921 Deorum
661 2856 823 2920 bonoribus
833 2855 978 2922 astrictior
988 2852 1164 2925 asserellet,
1174 2870 1250 2932 quos

147 2950 330 3033 intelligeret
344 2952 426 3019 doun
439 2952 570 3015 hilariter
583 2952 684 3014 oblata
698 2962 759 3013 tarn
777 2951 862 3031 larga
874 2968 964 3011 manu
977 2947 1159 3028 rependere:
1199 2950 1249 3009 22.

148 3048 250 3118 Animi
265 3047 399 3109 sublimis
411 3058 444 3109 et
456 3067 565 3129 magna
578 3047 712 3109 conaturi
722 3048 903 3113 documenta
912 3056 1026 3107 mature
1036 3044 1130 3110 dedit.
1150 3044 1250 3108 Persis

149 3163 188 3207 ee
214 3154 392 3224 tempestate
420 3144 608 3217 Artaxerxes,
635 3156 834 3225 cognomento
862 3142 977 3216 Orbus,
997 3152 1131 3221 praeerat.
1173 3140 1251 3203 Eum

150 3240 318 3304 Artabrum
339 3250 370 3299 et
392 3237 530 3317 Menapis
554 3251 693 3319 satrapea,
717 3236 921 3315 Memnpuqoe
942 3236 1089 3310 Rhodius,
1113 3234 1251 3317 egregius

152 3334 228 3407 dux,
250 3334 330 3395 bello
352 3334 601 3405 lacessiverant3⁸
630 3332 684 3395 sed
706 3331 841 3415 potantis
863 3333 942 3411 regis
968 3332 1253 3413 oppressu-deserta

152 3429 228 3497 Asis
239 3430 277 3499 ad
288 3430 456 3513 Philippum
471 3433 673 3513 profugerant.
714 3435 766 3497 23.
788 3431 843 3493 His
857 3442 919 3493 tum
931 3428 1101 3494 Alexander
1114 3428 1252 3509 septenni

151 3526 250 3593 minor
264 3527 334 3590 mire
345 3526 550 3597 delectabatur
558 3548 567 3598 ς
583 3530 746 3607 crebroque
757 3528 795 3589 de
804 3528 893 3593 rebus
903 3526 1032 3590 Persicis
1041 3525 1252 3603 interrogabat,

153 3622 228 3689 nihil
241 3624 361 3704 quidem
375 3624 489 3705 puerile
499 3635 530 3692 et
540 3624 703 3698 sordidum,
714 3624 769 3688 sed
782 3631 790 3658 ‘
803 3624 910 3704 quibus
925 3622 1048 3686 maxime
1063 3620 1251 3682 firmamentis

152 3738 228 3801 opes
252 3720 343 3801 regies
364 3720 566 3791 niterenturlr
586 3722 653 3801 quir
674 3740 822 3787 armerum
843 3738 929 3793 usus,
944 3739 1014 3799 qure
1033 3715 1160 3780 audacia
1172 3715 1253 3789 viris,

185 3875 199 3901 ¹
210 3866 282 3915 Plut.
290 3865 365 3917 Alex.
376 3882 403 3931 p.
412 3872 471 3920 66⁰.
502 3868 545 3919 ld.
562 3868 597 3917 da
613 3868 684 3918 Fert.
754 3866 845 3917 retia.
853 3865 925 3917 Hlst·
931 3862 996 3915 Nat.
1008 3874 1061 3911 ιιι.
1072 3863 1111 3910 rt.
1123 3862 1163 3909 lt.
1180 3858 1255 3911 Plut.

154 3944 233 3995 Alex.
245 3957 265 3995 r.
274 3946 314 3993 1³.
324 3942 459 4009 Apopbtb.
467 3947 508 3995 16.
519 3944 648 3995 Herodot.
658 3958 685 3994 u.
723 3941 801 3994 Alex.
818 3959 843 4007 p.
853 3945 911 3992 stu.

152 4026 196 4075 22·
755 4026 765 4052 ⁸
780 4018 860 4070 Diod.
867 4017 920 4069 Sic.
930 4028 988 4066 xrr.
1000 4029 1025 4077 p·
1033 4015 1090 4064 511.
1097 4024 1169 4077 reqq.
1177 4011 1253 4064 curt·

186 4105 199 4130 ⁰
209 4095 278 4147 Just.
292 4110 342 4147 rrr.
353 4100 377 4150 2.
388 4098 428 4151 tt.
726 4111 764 4147 vr.
776 4099 851 4147 ms.

188 4175 281 4226 rl'lut.
292 4176 367 4227 Alex.
377 4172 605 4239 prorumpatur.
614 4176 682 4228 ndu.
756 4169 1042 4234 ‘uirtutes-puer.
1099 4186 1105 4195 ·

188 4260 201 4294 t
214 4250 341 4305 Ammlen.
355 4256 605 4308 Marcellinum.
