2925 4867
371 422 409 471 ιιι
435 424 615 485 Qurnron
638 426 811 476 coarrnn
839 428 984 478 attritu.
1181 416 1225 481 θ’)

119 573 161 631 et
175 565 386 649 qnissuerit3
408 585 550 651 cumque
571 566 648 651 jure
672 588 711 634 ac
735 571 855 635 merito
877 570 1062 650 dubitetur,
1079 575 1224 658 scripto·

122 686 192 733 rem
209 667 336 733 Rerum
353 670 398 733 ab
412 668 605 735 Alexandro
627 670 676 735 M.
700 680 870 753 gesturum
891 666 977 751 esse,
992 693 1092 757 quem
1106 675 1225 742 Cicero

123 768 168 834 ad
192 768 312 849 Quint.
335 770 442 837 Fratr.
467 786 524 835 ιιι.
547 771 612 855 Ep.
642 772 675 836 2.
700 772 828 852 laudat,
851 776 978 841 bonum
1000 783 1036 840 et
1060 777 1226 845 eruditum

124 871 387 950 adolescentem,
412 873 468 939 vel
492 892 592 957 quem
617 872 794 941 luvenalis
818 876 890 942 Sat.
917 893 972 941 ιιι.
996 878 1226 947 vehementem

123 982 293 1041 oratorem
306 982 419 1053 vocat,
433 974 487 1040 vel
513 975 556 1039 de
583 995 652 1058 qno
671 977 817 1042 Tacitus
832 979 956 1043 Annal.
981 994 1037 1046 ιιι.
1052 980 1107 1046 20.
1122 989 1158 1046 et
1171 985 1226 1048 21.

123 1082 183 1141 ant
197 1093 273 1139 ιιι.
287 1076 343 1143 28.
357 1077 519 1163 loquitur,
535 1077 590 1145 vel
605 1080 706 1144 etiam
728 1099 826 1164 quem
850 1081 1032 1148 Suetonius
1052 1084 1087 1149 in
1107 1084 1225 1150 libello

123 1178 167 1242 dc
184 1177 294 1245 Claris
310 1178 516 1245 Rhetoribus
539 1181 624 1245 inter
641 1180 762 1247 Claros
785 1181 954 1247 Rhetores
975 1184 1083 1263 refert,
1099 1187 1152 1252 vel
1167 1188 1226 1252 de·

123 1280 226 1364 nique
248 1280 355 1344 ullum
379 1282 492 1359 aliurn,
514 1284 612 1368 cnjus
636 1288 767 1349 veteres
789 1286 974 1368 scriptores
997 1288 1225 1367 meminerunt,

123 1400 195 1448 non
208 1382 420 1465 babeo,.qnae
435 1382 483 1447 de
501 1384 579 1448 vitae
601 1384 676 1468 ejus
697 1385 896 1449 conditione·
904 1387 1029 1451 dicam.
1073 1389 1226 1457 Rhetori-

124 1502 184 1549 ees
198 1484 483 1551 studiosissimum
498 1485 603 1561 luisse
617 1486 723 1564 illum,
736 1506 786 1557 ert
797 1487 1029 1566 Orationibus,
1039 1510 1126 1575 quas
1140 1491 1224 1557 His-

124 1586 223 1651 toria·
250 1605 322 1651 suae
349 1588 492 1653 inserere
517 1596 621 1666 amat,
646 1590 730 1655 satis
757 1589 892 1674 quidem
916 1596 1056 1663 constat.
1104 1593 1225 1658 Utrum

123 1706 206 1753 uero
222 1693 328 1753 artem
346 1689 437 1755 illam
461 1690 636 1773 professus
661 1691 705 1755 sit
724 1697 824 1775 atque
850 1692 989 1774 publice
1004 1693 1167 1774 docuerit,
1181 1714 1225 1759 an

123 1789 234 1855 otium
246 1790 296 1855 illi
310 1790 423 1857 studio
438 1792 708 1875 suppeditaverit
723 1792 822 1859 modo
840 1793 1009 1876 privatim,
1023 1814 1091 1859 nou
1106 1796 1225 1880 liquet.

169 1908 223 1955 rv.
255 1892 356 1957 Fides
375 1892 543 1959 Historici
565 1893 748 1976 Scriptoris
768 1912 836 1960 nou
851 1896 964 1960 solnm
978 1897 1022 1961 ab
1035 1897 1162 1979 integro
1177 1906 1227 1965 at·

123 2012 191 2078 que
205 1994 400 2079 incorrupto
414 1996 567 2062 veritalis
581 1995 691 2060 studio
703 1997 837 2079 pendet,
852 1996 913 2062 sed
928 2000 1032 2062 etiam
1046 2000 1226 2064 alentibus

122 2094 225 2175 unde,
242 2116 320 2180 quae
336 2098 519 2163 traditurus
532 2099 587 2175 sit,
601 2098 742 2163 hauriat
765 2097 857 2162 Illud
869 2098 954 2164 facit
965 2108 1004 2162 ut
1019 2119 1099 2180 vera
1113 2100 1226 2165 dicero

124 2198 215 2270 uelit,
229 2198 266 2263 bt
283 2205 378 2264 ntea
395 2198 653 2282 dicerepossitt
677 2200 769 2282 atqui
784 2205 874 2264 certe
888 2218 999 2278 nemo,
1014 2203 1072 2285 qui
1087 2202 1162 2267 siue
1176 2204 1227 2268 ira

123 2307 157 2365 et
185 2301 301 2366 studio
332 2302 482 2367 Curtium
503 2302 634 2384 legerit,
658 2301 888 2367 sinceritatem
914 2304 989 2387 ejus
1011 2301 1226 2376 desiderabit.

125 2402 253 2468 Fontes
273 2411 395 2483 autem,
411 2405 442 2469 si
465 2423 531 2469 non
557 2404 642 2469 'satis
667 2409 769 2469 caute
793 2402 905 2485 elegit,
929 2403 1036 2470 Curtii
1057 2407 1165 2471 miuus
1190 2407 1226 2470 id

121 2506 245 2571 uinum
261 2506 334 2584 snit,
349 2526 449 2590 quam
464 2506 604 2572 sontium
619 2507 781 2589 ipsorum,
797 2506 831 2570 in
849 2506 984 2589 quibus,
1000 2524 1101 2589 aeque
1117 2508 1227 2592 impu?

123 2609 172 2673 tls
184 2616 220 2675 et
235 2609 468 2676 contaminatis
483 2608 651 2686 omnihus,
666 2608 759 2673 nulla
771 2607 976 2673 sere-electio
990 2616 1094 2673 esset.
1217 2664 1221 2674 ,

169 2710 311 2777 Scilicet
325 2710 518 2777 Alexander
539 2710 587 2775 ita
610 2714 683 2775 erat
703 2710 843 2775 honoris
864 2708 1021 2792 cupidus,
1037 2716 1154 2775 utnon
1169 2731 1227 2777 so·

124 2812 208 2891 lum,
224 2812 359 2895 abjecta
372 2812 516 2877 bominis
532 2812 737 2889 conditione,
752 2811 960 2875 divinitatem
971 2811 1038 2875 sibi
1052 2831 1226 2893 assereret,

124 2916 269 3000 ipseque
283 2932 370 2978 vana
383 2914 443 2979 illa
458 2912 696 2997 praedieatione
715 2931 794 2978 sese
813 2912 978 2996 jactaret,
987 2913 1049 2977 sed
1063 2914 1166 2979 eliam
1181 2918 1224 2983 ab

125 3018 203 3083 aliis
221 3016 418 3081 Deuscredi
434 2998 547 3092 uellet,
563 3022 664 3099 atque
680 3015 838 3082 oblatam
855 3016 1157 3080 oausambomines
1167 3035 1224 3081 ac-

123 3121 208 3185 ciret
221 3118 321 3183 donis
342 3117 551 3201 pecuniaque
572 3124 762 3200 corruptos,
775 3116 835 3200 qui
856 3123 932 3181 acta
951 3117 1075 3199 ipsius,
1088 3119 1224 3182 uonad

126 3221 316 3297 veritatem,
332 3220 391 3284 sed
406 3220 526 3285 mirum
546 3220 580 3283 in
605 3218 741 3283 modum
753 3226 859 3283 aucta
872 3223 907 3282 et
920 3216 1137 3301 amplificata,
1153 3238 1223 3283 mee

123 3324 242 3387 moriae
263 3322 449 3405 proderent.
494 3320 662 3387 Veritatis
682 3320 739 3384 ita.
751 3325 830 3393 erat
844 3318 1034 3401 impatiens,
1049 3327 1088 3383 nt
1108 3320 1225 3403 hostili

126 3424 208 3490 edio
232 3424 267 3489 iu
290 3443 374 3488 suos
388 3440 621 3507 quoscumque
645 3422 792 3498 saeviret,
814 3422 874 3506 qui
896 3439 1007 3497 secus,
1023 3426 1126 3504 atque
1147 3422 1223 3505 ipse

119 3528 294 3612 jussisset,
309 3526 444 3590 credere
464 3524 670 3605 videreutnr3
701 3542 812 3607 neque
834 3524 944 3589 etiam.
961 3520 1121 3587 amicitia
1145 3520 1227 3589 fidei

124 3632 291 3711 parceret,
307 3630 586 3709 quotiescumque
602 3624 786 3708 aliquisex
799 3624 880 3709 ejus
898 3625 1025 3691 intimis
1046 3631 1115 3689 tam
1129 3625 1227 3691 stoli·

125 3730 182 3794 dae
198 3730 369 3811 superbiae
382 3727 520 3811 obloqui
536 3732 631 3790 esset
654 3742 772 3792 ausus.
816 3724 911 3803 Quid
929 3724 1063 3803 mbnm,
1073 3725 1104 3789 si
1117 3727 1228 3793 exiret

125 3830 217 3905 anla,
231 3832 291 3913 qni
305 3830 384 3912 pius
396 3848 473 3893 esse
487 3828 611 3894 velletl
632 3848 695 3895 uec
716 3834 932 3907 remanerent,
944 3827 1010 3891 uisi
1020 3827 1227 3906 adulatores,

127 3930 190 4015 qui
205 3930 252 3994 ad
267 3930 421 3997 infatuati
435 3931 522 4013 regis
536 3948 602 3994 nou
621 3929 722 3995 modo
737 3948 884 4007 sensnm,
901 3930 962 3994 sed
983 3928 1084 3995 eliam
1097 3930 1227 3995 vultum

124 4040 231 4115 atque
245 4038 657 4111 nutumeonvertereutur,
672 4032 740 4115 qni.
749 4051 806 4097 tes
825 4031 1044 4097 tenuissimas
1061 4039 1232 4115 augerent,

124 4136 213 4199 vitia
237 4134 463 4213 honestarent,
485 4152 578 4197 mera
607 4137 759 4198 monstra
783 4132 1007 4215 divulgarent,
1024 4138 1126 4216 atque
1151 4134 1229 4216 ipsa

124 4254 237 4302 rerum
257 4242 470 4301 monumenta
495 4236 765 4302 assentationum
784 4236 949 4319 portentis
973 4240 1227 4318 corrumperent
