<?xml version="1.0" encoding="UTF-8"?>
<!DOCTYPE html PUBLIC "-//W3C//DTD XHTML 1.0 Transitional//EN"
    "http://www.w3.org/TR/xhtml1/DTD/xhtml1-transitional.dtd">
<html xmlns="http://www.w3.org/1999/xhtml" xml:lang="en" lang="en">
 <head>
  <title>
</title>
<meta http-equiv="Content-Type" content="text/html;charset=utf-8" />
  <meta name='ocr-system' content='tesseract 3.04.00' />
  <meta name='ocr-capabilities' content='ocr_page ocr_carea ocr_par ocr_line ocrx_word'/>
</head>
<body>
  <div class='ocr_page' id='page_1' title='image "./quinticurtiiruf00rufugoog_0044.png"; bbox 0 0 2925 4867; ppageno 0'>
   <div class='ocr_carea' id='block_1_1' title="bbox 265 360 953 425">
    <p class='ocr_par' dir='ltr' id='par_1_1' title="bbox 265 360 953 425">
     <span class='ocr_line' id='line_1_1' title="bbox 265 360 953 425; baseline 0 0"><span class='ocrx_word' id='word_1_1' title='bbox 265 360 311 425; x_wconf 76' lang='lat'><strong>32</strong></span> <span class='ocrx_word' id='word_1_2' title='bbox 672 372 953 425; x_wconf 79' lang='lat' dir='ltr'><strong>nnnuroounua</strong></span> 
     </span>
    </p>
   </div>
   <div class='ocr_carea' id='block_1_2' title="bbox 179 514 1373 4051">
    <p class='ocr_par' dir='ltr' id='par_1_2' title="bbox 179 514 1366 2702">
     <span class='ocr_line' id='line_1_2' title="bbox 268 514 1366 602; baseline -0.002 -17"><span class='ocrx_word' id='word_1_3' title='bbox 268 536 423 602; x_wconf 79' lang='lat' dir='ltr'><strong>mamque</strong></span> <span class='ocrx_word' id='word_1_4' title='bbox 445 514 555 600; x_wconf 85' lang='lat' dir='ltr'><strong>ipsam</strong></span> <span class='ocrx_word' id='word_1_5' title='bbox 580 514 716 579; x_wconf 91' lang='lat' dir='ltr'><strong>minimo</strong></span> <span class='ocrx_word' id='word_1_6' title='bbox 739 515 900 599; x_wconf 89' lang='lat' dir='ltr'><strong>temporis</strong></span> <span class='ocrx_word' id='word_1_7' title='bbox 922 514 1032 600; x_wconf 86' lang='lat' dir='ltr'><strong>spatio</strong></span> <span class='ocrx_word' id='word_1_8' title='bbox 1056 515 1199 581; x_wconf 84' lang='lat' dir='ltr'><strong>sedarit.</strong></span> <span class='ocrx_word' id='word_1_9' title='bbox 1242 514 1366 584; x_wconf 83' lang='lat' dir='ltr'><strong>Accer-</strong></span> 
     </span>
     <span class='ocr_line' id='line_1_3' title="bbox 268 615 1366 702; baseline -0.001 -17"><span class='ocrx_word' id='word_1_10' title='bbox 268 620 353 685; x_wconf 86' lang='lat' dir='ltr'><strong>situs</strong></span> <span class='ocrx_word' id='word_1_11' title='bbox 368 620 402 683; x_wconf 89' lang='lat' dir='ltr'><strong>in</strong></span> <span class='ocrx_word' id='word_1_12' title='bbox 418 618 566 696; x_wconf 85' lang='lat' dir='ltr'><strong>Italiam,</strong></span> <span class='ocrx_word' id='word_1_13' title='bbox 589 615 698 698; x_wconf 88' lang='lat' dir='ltr'><strong>inquit</strong></span> <span class='ocrx_word' id='word_1_14' title='bbox 720 616 823 699; x_wconf 87' lang='lat' dir='ltr'><strong>Bapt.</strong></span> <span class='ocrx_word' id='word_1_15' title='bbox 845 616 1012 699; x_wconf 77' lang='lat' dir='ltr'><strong>Egnatius</strong></span> <span class='ocrx_word' id='word_1_16' title='bbox 1032 615 1082 702; x_wconf 93' lang='lat' dir='ltr'><strong>(in</strong></span> <span class='ocrx_word' id='word_1_17' title='bbox 1101 617 1185 683; x_wconf 87' lang='lat' dir='ltr'><strong>Vita</strong></span> <span class='ocrx_word' id='word_1_18' title='bbox 1199 617 1366 684; x_wconf 86' lang='lat' dir='ltr'><strong>Constan-</strong></span> 
     </span>
     <span class='ocr_line' id='line_1_4' title="bbox 179 716 1366 804; baseline -0.002 -18"><span class='ocrx_word' id='word_1_19' title='bbox 179 721 186 727; x_wconf 83' lang='lat'>&#39;</span> <span class='ocrx_word' id='word_1_20' title='bbox 269 718 358 804; x_wconf 89' lang='lat' dir='ltr'><strong>tini),</strong></span> <span class='ocrx_word' id='word_1_21' title='bbox 379 720 422 785; x_wconf 90' lang='lat' dir='ltr'><strong>ab</strong></span> <span class='ocrx_word' id='word_1_22' title='bbox 446 720 489 783; x_wconf 91' lang='lat' dir='ltr'><strong>iis</strong></span> <span class='ocrx_word' id='word_1_23' title='bbox 503 719 560 801; x_wconf 89' lang='lat' dir='ltr'><strong>qui</strong></span> <span class='ocrx_word' id='word_1_24' title='bbox 581 716 750 781; x_wconf 77' lang='lat' dir='ltr'><strong>Maxentii</strong></span> <span class='ocrx_word' id='word_1_25' title='bbox 776 716 981 801; x_wconf 76' lang='lat' dir='ltr'><strong>tyrannidem</strong></span> <span class='ocrx_word' id='word_1_26' title='bbox 1005 718 1090 782; x_wconf 80' lang='lat' dir='ltr'><strong>serre</strong></span> <span class='ocrx_word' id='word_1_27' title='bbox 1113 737 1181 782; x_wconf 93' lang='lat' dir='ltr'><strong>non</strong></span> <span class='ocrx_word' id='word_1_28' title='bbox 1202 724 1366 802; x_wconf 75' lang='lat' dir='ltr'><strong>poterant,</strong></span> 
     </span>
     <span class='ocr_line' id='line_1_5' title="bbox 269 817 1366 904; baseline 0.001 -19"><span class='ocrx_word' id='word_1_29' title='bbox 269 822 402 887; x_wconf 88' lang='lat' dir='ltr'><strong>biennio</strong></span> <span class='ocrx_word' id='word_1_30' title='bbox 423 828 528 887; x_wconf 85' lang='lat' dir='ltr'><strong>totam</strong></span> <span class='ocrx_word' id='word_1_31' title='bbox 546 818 684 884; x_wconf 89' lang='lat' dir='ltr'><strong>Italiam</strong></span> <span class='ocrx_word' id='word_1_32' title='bbox 705 818 890 902; x_wconf 78' lang='lat' dir='ltr'>urbemque</span> <span class='ocrx_word' id='word_1_33' title='bbox 910 817 1058 884; x_wconf 85' lang='lat' dir='ltr'><strong>Romam</strong></span> <span class='ocrx_word' id='word_1_34' title='bbox 1077 818 1227 901; x_wconf 78' lang='lat' dir='ltr'><strong>pristinae</strong></span> <span class='ocrx_word' id='word_1_35' title='bbox 1246 820 1366 904; x_wconf 86' lang='lat' dir='ltr'><strong>majes-</strong></span> 
     </span>
     <span class='ocr_line' id='line_1_6' title="bbox 268 918 1366 1004; baseline -0.001 -15"><span class='ocrx_word' id='word_1_36' title='bbox 268 925 327 989; x_wconf 89' lang='lat' dir='ltr'><strong>tati</strong></span> <span class='ocrx_word' id='word_1_37' title='bbox 354 923 510 988; x_wconf 89' lang='lat' dir='ltr'><strong>asseruit.</strong></span> <span class='ocrx_word' id='word_1_38' title='bbox 554 918 753 999; x_wconf 83' lang='lat' dir='ltr'><strong>‘Quantam</strong></span> <span class='ocrx_word' id='word_1_39' title='bbox 783 925 1017 1004; x_wconf 72' lang='lat' dir='ltr'><strong>tempestatem</strong></span> <span class='ocrx_word' id='word_1_40' title='bbox 1048 920 1163 985; x_wconf 90' lang='lat' dir='ltr'><strong>subita</strong></span> <span class='ocrx_word' id='word_1_41' title='bbox 1190 921 1366 988; x_wconf 87' lang='lat' dir='ltr'><strong>serenitate</strong></span> 
     </span>
     <span class='ocr_line' id='line_1_7' title="bbox 269 1020 1366 1104; baseline -0.002 -15"><span class='ocrx_word' id='word_1_42' title='bbox 269 1021 597 1092; x_wconf 60' lang='lat' dir='ltr'><strong>discussor-Rem</strong></span> <span class='ocrx_word' id='word_1_43' title='bbox 613 1020 799 1087; x_wconf 87' lang='lat' dir='ltr'><strong>Romanam</strong></span> <span class='ocrx_word' id='word_1_44' title='bbox 814 1021 849 1085; x_wconf 93' lang='lat' dir='ltr'><strong>in</strong></span> <span class='ocrx_word' id='word_1_45' title='bbox 863 1020 1025 1103; x_wconf 88' lang='lat' dir='ltr'><strong>plurimos</strong></span> <span class='ocrx_word' id='word_1_46' title='bbox 1038 1028 1151 1104; x_wconf 88' lang='lat' dir='ltr'><strong>partes</strong></span> <span class='ocrx_word' id='word_1_47' title='bbox 1165 1020 1366 1088; x_wconf 84' lang='lat' dir='ltr'><strong>dissolutam</strong></span> 
     </span>
     <span class='ocr_line' id='line_1_8' title="bbox 268 1122 1365 1210; baseline -0.004 -18"><span class='ocrx_word' id='word_1_48' title='bbox 268 1134 366 1210; x_wconf 87' lang='lat' dir='ltr'><strong>atque</strong></span> <span class='ocrx_word' id='word_1_49' title='bbox 382 1124 544 1191; x_wconf 78' lang='lat' dir='ltr'><strong>divulsam</strong></span> <span class='ocrx_word' id='word_1_50' title='bbox 559 1123 657 1206; x_wconf 87' lang='lat' dir='ltr'><strong>quasi</strong></span> <span class='ocrx_word' id='word_1_51' title='bbox 672 1123 912 1206; x_wconf 78' lang='lat' dir='ltr'><strong>conglutinavit</strong></span> <span class='ocrx_word' id='word_1_52' title='bbox 920 1128 1024 1205; x_wconf 87' lang='lat' dir='ltr'><strong>atquc</strong></span> <span class='ocrx_word' id='word_1_53' title='bbox 1033 1122 1247 1204; x_wconf 85' lang='lat' dir='ltr'><strong>constrinxit;</strong></span> <span class='ocrx_word' id='word_1_54' title='bbox 1263 1125 1365 1190; x_wconf 81' lang='lat' dir='ltr'><strong>victis</strong></span> 
     </span>
     <span class='ocr_line' id='line_1_9' title="bbox 267 1222 1365 1312; baseline -0.001 -21"><span class='ocrx_word' id='word_1_55' title='bbox 267 1228 442 1312; x_wconf 84' lang='lat' dir='ltr'><strong>pulsisque</strong></span> <span class='ocrx_word' id='word_1_56' title='bbox 472 1225 598 1292; x_wconf 87' lang='lat' dir='ltr'><strong>Gothis</strong></span> <span class='ocrx_word' id='word_1_57' title='bbox 626 1244 780 1291; x_wconf 85' lang='lat' dir='ltr'><strong>securam</strong></span> <span class='ocrx_word' id='word_1_58' title='bbox 810 1222 962 1290; x_wconf 86' lang='lat' dir='ltr'><strong>reddidit.</strong></span> <span class='ocrx_word' id='word_1_59' title='bbox 1007 1224 1116 1289; x_wconf 89' lang='lat' dir='ltr'><strong>Simul</strong></span> <span class='ocrx_word' id='word_1_60' title='bbox 1141 1241 1219 1288; x_wconf 85' lang='lat' dir='ltr'><strong>vero</strong></span> <span class='ocrx_word' id='word_1_61' title='bbox 1243 1244 1365 1309; x_wconf 90' lang='lat' dir='ltr'><strong>pacem</strong></span> 
     </span>
     <span class='ocr_line' id='line_1_10' title="bbox 268 1325 1365 1409; baseline -0.004 -16"><span class='ocrx_word' id='word_1_62' title='bbox 268 1330 425 1394; x_wconf 88' lang='lat' dir='ltr'><strong>internam</strong></span> <span class='ocrx_word' id='word_1_63' title='bbox 450 1325 605 1405; x_wconf 87' lang='lat' dir='ltr'><strong>restituit,</strong></span> <span class='ocrx_word' id='word_1_64' title='bbox 627 1325 736 1409; x_wconf 82' lang='lat' dir='ltr'><strong>legum</strong></span> <span class='ocrx_word' id='word_1_65' title='bbox 762 1325 939 1391; x_wconf 82' lang='lat' dir='ltr'><strong>severitate</strong></span> <span class='ocrx_word' id='word_1_66' title='bbox 963 1325 1117 1403; x_wconf 85' lang='lat' dir='ltr'><strong>firmavit,</strong></span> <span class='ocrx_word' id='word_1_67' title='bbox 1142 1332 1232 1389; x_wconf 87' lang='lat' dir='ltr'><strong>artes</strong></span> <span class='ocrx_word' id='word_1_68' title='bbox 1258 1326 1365 1389; x_wconf 91' lang='lat' dir='ltr'><strong>bonas</strong></span> 
     </span>
     <span class='ocr_line' id='line_1_11' title="bbox 268 1425 1365 1514; baseline -0.004 -19"><span class='ocrx_word' id='word_1_69' title='bbox 268 1431 437 1514; x_wconf 76' lang='lat' dir='ltr'><strong>praecipue</strong></span> <span class='ocrx_word' id='word_1_70' title='bbox 451 1429 618 1493; x_wconf 89' lang='lat' dir='ltr'><strong>literarum</strong></span> <span class='ocrx_word' id='word_1_71' title='bbox 635 1427 759 1507; x_wconf 88' lang='lat' dir='ltr'><strong>studia,</strong></span> <span class='ocrx_word' id='word_1_72' title='bbox 774 1428 898 1511; x_wconf 88' lang='lat' dir='ltr'><strong>quibus</strong></span> <span class='ocrx_word' id='word_1_73' title='bbox 911 1433 945 1493; x_wconf 86' lang='lat' dir='ltr'><strong>et</strong></span> <span class='ocrx_word' id='word_1_74' title='bbox 959 1425 1178 1511; x_wconf 85' lang='lat' dir='ltr'><strong>ipsededitns</strong></span> <span class='ocrx_word' id='word_1_75' title='bbox 1200 1428 1294 1505; x_wconf 70' lang='lat' dir='ltr'><strong>erat,t</strong></span> <span class='ocrx_word' id='word_1_76' title='bbox 1306 1447 1365 1491; x_wconf 93' lang='lat' dir='ltr'><strong>nu·</strong></span> 
     </span>
     <span class='ocr_line' id='line_1_12' title="bbox 269 1527 1364 1613; baseline -0.004 -18"><span class='ocrx_word' id='word_1_77' title='bbox 269 1531 350 1610; x_wconf 87' lang='lat' dir='ltr'><strong>triit,</strong></span> <span class='ocrx_word' id='word_1_78' title='bbox 365 1536 465 1613; x_wconf 88' lang='lat' dir='ltr'><strong>atque</strong></span> <span class='ocrx_word' id='word_1_79' title='bbox 481 1528 531 1593; x_wconf 84' lang='lat' dir='ltr'><strong>ita</strong></span> <span class='ocrx_word' id='word_1_80' title='bbox 544 1528 672 1592; x_wconf 82' lang='lat' dir='ltr'><strong>iactum</strong></span> <span class='ocrx_word' id='word_1_81' title='bbox 693 1532 758 1605; x_wconf 87' lang='lat' dir='ltr'><strong>est,</strong></span> <span class='ocrx_word' id='word_1_82' title='bbox 781 1532 792 1563; x_wconf 87' lang='lat'>‘</span> <span class='ocrx_word' id='word_1_83' title='bbox 812 1533 848 1592; x_wconf 93' lang='lat' dir='ltr'><strong>ut</strong></span> <span class='ocrx_word' id='word_1_84' title='bbox 862 1527 1038 1610; x_wconf 88' lang='lat' dir='ltr'><strong>imperium</strong></span> <span class='ocrx_word' id='word_1_85' title='bbox 1061 1548 1130 1593; x_wconf 93' lang='lat' dir='ltr'><strong>non</strong></span> <span class='ocrx_word' id='word_1_86' title='bbox 1149 1528 1364 1593; x_wconf 84' lang='lat' dir='ltr'><strong>reviresceret</strong></span> 
     </span>
     <span class='ocr_line' id='line_1_13' title="bbox 268 1627 1364 1714; baseline -0.001 -19"><span class='ocrx_word' id='word_1_87' title='bbox 268 1631 388 1707; x_wconf 86' lang='lat' dir='ltr'><strong>solum,</strong></span> <span class='ocrx_word' id='word_1_88' title='bbox 402 1629 463 1696; x_wconf 88' lang='lat' dir='ltr'><strong>sed</strong></span> <span class='ocrx_word' id='word_1_89' title='bbox 478 1629 578 1693; x_wconf 86' lang='lat' dir='ltr'><strong>eiiam</strong></span> <span class='ocrx_word' id='word_1_90' title='bbox 598 1627 751 1693; x_wconf 66' lang='lat' dir='ltr'><strong>floreret!</strong></span> <span class='ocrx_word' id='word_1_91' title='bbox 795 1629 1048 1712; x_wconf 86' lang='lat' dir='ltr'><strong>Imperatoriam</strong></span> <span class='ocrx_word' id='word_1_92' title='bbox 1070 1634 1274 1714; x_wconf 88' lang='lat' dir='ltr'><strong>potestatem</strong></span> <span class='ocrx_word' id='word_1_93' title='bbox 1296 1628 1364 1694; x_wconf 86' lang='lat' dir='ltr'><strong>irae-</strong></span> 
     </span>
     <span class='ocr_line' id='line_1_14' title="bbox 268 1729 1363 1814; baseline -0.002 -19"><span class='ocrx_word' id='word_1_94' title='bbox 268 1731 417 1797; x_wconf 83' lang='lat' dir='ltr'><strong>rsditatis</strong></span> <span class='ocrx_word' id='word_1_95' title='bbox 432 1731 512 1795; x_wconf 91' lang='lat' dir='ltr'><strong>loco</strong></span> <span class='ocrx_word' id='word_1_96' title='bbox 527 1729 607 1795; x_wconf 86' lang='lat' dir='ltr'><strong>filiis</strong></span> <span class='ocrx_word' id='word_1_97' title='bbox 624 1729 819 1811; x_wconf 88' lang='lat' dir='ltr'><strong>traditurus,</strong></span> <span class='ocrx_word' id='word_1_98' title='bbox 833 1731 934 1797; x_wconf 91' lang='lat' dir='ltr'><strong>simul</strong></span> <span class='ocrx_word' id='word_1_99' title='bbox 946 1751 1024 1797; x_wconf 88' lang='lat' dir='ltr'><strong>vern</strong></span> <span class='ocrx_word' id='word_1_100' title='bbox 1036 1731 1213 1813; x_wconf 78' lang='lat' dir='ltr'><strong>utnegotia</strong></span> <span class='ocrx_word' id='word_1_101' title='bbox 1224 1731 1363 1814; x_wconf 89' lang='lat' dir='ltr'><strong>publica</strong></span> 
     </span>
     <span class='ocr_line' id='line_1_15' title="bbox 267 1832 1361 1920; baseline -0.003 -22"><span class='ocrx_word' id='word_1_102' title='bbox 267 1833 389 1899; x_wconf 87' lang='lat' dir='ltr'><strong>melius</strong></span> <span class='ocrx_word' id='word_1_103' title='bbox 404 1838 667 1920; x_wconf 84' lang='lat' dir='ltr'><strong>procurarentur,</strong></span> <span class='ocrx_word' id='word_1_104' title='bbox 683 1837 784 1916; x_wconf 90' lang='lat' dir='ltr'><strong>atque</strong></span> <span class='ocrx_word' id='word_1_105' title='bbox 798 1838 846 1910; x_wconf 91' lang='lat' dir='ltr'><strong>ut,</strong></span> <span class='ocrx_word' id='word_1_106' title='bbox 860 1837 953 1915; x_wconf 84' lang='lat' dir='ltr'><strong>patro</strong></span> <span class='ocrx_word' id='word_1_107' title='bbox 966 1832 1138 1915; x_wconf 78' lang='lat' dir='ltr'><strong>magistro,</strong></span> <span class='ocrx_word' id='word_1_108' title='bbox 1159 1832 1361 1915; x_wconf 73' lang='lat' dir='ltr'><strong>gubernandi</strong></span> 
     </span>
     <span class='ocr_line' id='line_1_16' title="bbox 267 1930 1362 2018; baseline -0.002 -19"><span class='ocrx_word' id='word_1_109' title='bbox 267 1940 368 1999; x_wconf 89' lang='lat' dir='ltr'><strong>artem</strong></span> <span class='ocrx_word' id='word_1_110' title='bbox 385 1932 486 2015; x_wconf 89' lang='lat' dir='ltr'><strong>probe</strong></span> <span class='ocrx_word' id='word_1_111' title='bbox 497 1930 690 2010; x_wconf 87' lang='lat' dir='ltr'><strong>ediscerent,</strong></span> <span class='ocrx_word' id='word_1_112' title='bbox 705 1950 781 1997; x_wconf 91' lang='lat' dir='ltr'><strong>cnm</strong></span> <span class='ocrx_word' id='word_1_113' title='bbox 790 1931 862 1998; x_wconf 88' lang='lat' dir='ltr'><strong>filio</strong></span> <span class='ocrx_word' id='word_1_114' title='bbox 875 1934 998 2011; x_wconf 81' lang='lat' dir='ltr'><strong>fratris,</strong></span> <span class='ocrx_word' id='word_1_115' title='bbox 1013 1932 1196 2013; x_wconf 85' lang='lat' dir='ltr'><strong>Delmatia,</strong></span> <span class='ocrx_word' id='word_1_116' title='bbox 1207 1953 1362 2018; x_wconf 89' lang='lat' dir='ltr'><strong>prosper-</strong></span> 
     </span>
     <span class='ocr_line' id='line_1_17' title="bbox 266 2031 1361 2115; baseline 0 -17"><span class='ocrx_word' id='word_1_117' title='bbox 266 2034 358 2099; x_wconf 87' lang='lat' dir='ltr'><strong>rimae</strong></span> <span class='ocrx_word' id='word_1_118' title='bbox 370 2032 493 2097; x_wconf 88' lang='lat' dir='ltr'><strong>indolis</strong></span> <span class='ocrx_word' id='word_1_119' title='bbox 503 2031 639 2115; x_wconf 86' lang='lat' dir='ltr'><strong>jurene,</strong></span> <span class='ocrx_word' id='word_1_120' title='bbox 653 2038 720 2097; x_wconf 89' lang='lat' dir='ltr'><strong>tres</strong></span> <span class='ocrx_word' id='word_1_121' title='bbox 733 2032 832 2109; x_wconf 85' lang='lat' dir='ltr'><strong>filios,</strong></span> <span class='ocrx_word' id='word_1_122' title='bbox 844 2031 1109 2113; x_wconf 82' lang='lat' dir='ltr'><strong>Constantinum,</strong></span> <span class='ocrx_word' id='word_1_123' title='bbox 1124 2033 1361 2100; x_wconf 85' lang='lat' dir='ltr'><strong>Constantium</strong></span> 
     </span>
     <span class='ocr_line' id='line_1_18' title="bbox 267 2130 1360 2218; baseline 0.001 -20"><span class='ocrx_word' id='word_1_124' title='bbox 267 2138 368 2217; x_wconf 88' lang='lat' dir='ltr'><strong>atque</strong></span> <span class='ocrx_word' id='word_1_125' title='bbox 384 2132 598 2197; x_wconf 84' lang='lat' dir='ltr'><strong>Constantem</strong></span> <span class='ocrx_word' id='word_1_126' title='bbox 614 2130 767 2197; x_wconf 78' lang='lat' dir='ltr'><strong>Caesares</strong></span> <span class='ocrx_word' id='word_1_127' title='bbox 782 2135 919 2213; x_wconf 86' lang='lat' dir='ltr'><strong>creavit,</strong></span> <span class='ocrx_word' id='word_1_128' title='bbox 933 2154 1058 2218; x_wconf 82' lang='lat' dir='ltr'><strong>eosque</strong></span> <span class='ocrx_word' id='word_1_129' title='bbox 1072 2133 1207 2214; x_wconf 78' lang='lat' dir='ltr'><strong>Galliae,</strong></span> <span class='ocrx_word' id='word_1_130' title='bbox 1219 2134 1360 2211; x_wconf 85' lang='lat' dir='ltr'><strong>Orienti,</strong></span> 
     </span>
     <span class='ocr_line' id='line_1_19' title="bbox 268 2231 1362 2323; baseline 0.005 -24"><span class='ocrx_word' id='word_1_131' title='bbox 268 2234 446 2318; x_wconf 76' lang='lat' dir='ltr'><strong>Italiaque</strong></span> <span class='ocrx_word' id='word_1_132' title='bbox 469 2232 631 2317; x_wconf 80' lang='lat' dir='ltr'><strong>praefecit.</strong></span> <span class='ocrx_word' id='word_1_133' title='bbox 676 2231 761 2299; x_wconf 90' lang='lat' dir='ltr'><strong>lude</strong></span> <span class='ocrx_word' id='word_1_134' title='bbox 783 2254 901 2319; x_wconf 79' lang='lat' dir='ltr'><strong>magna</strong></span> <span class='ocrx_word' id='word_1_135' title='bbox 923 2236 983 2302; x_wconf 88' lang='lat' dir='ltr'><strong>ilia</strong></span> <span class='ocrx_word' id='word_1_136' title='bbox 1003 2245 1037 2302; x_wconf 89' lang='lat' dir='ltr'><strong>et</strong></span> <span class='ocrx_word' id='word_1_137' title='bbox 1057 2257 1162 2322; x_wconf 86' lang='lat' dir='ltr'><strong>prope</strong></span> <span class='ocrx_word' id='word_1_138' title='bbox 1187 2240 1362 2323; x_wconf 87' lang='lat' dir='ltr'><strong>exploratu</strong></span> 
     </span>
     <span class='ocr_line' id='line_1_20' title="bbox 264 2336 1363 2423; baseline 0.007 -24"><span class='ocrx_word' id='word_1_139' title='bbox 264 2336 428 2399; x_wconf 79' lang='lat' dir='ltr'><strong>diuturnae</strong></span> <span class='ocrx_word' id='word_1_140' title='bbox 451 2336 658 2418; x_wconf 86' lang='lat' dir='ltr'><strong>posteritatis</strong></span> <span class='ocrx_word' id='word_1_141' title='bbox 678 2354 759 2418; x_wconf 85' lang='lat' dir='ltr'><strong>spes</strong></span> <span class='ocrx_word' id='word_1_142' title='bbox 773 2345 875 2403; x_wconf 88' lang='lat' dir='ltr'><strong>enata</strong></span> <span class='ocrx_word' id='word_1_143' title='bbox 888 2348 951 2418; x_wconf 85' lang='lat' dir='ltr'><strong>est,</strong></span> <span class='ocrx_word' id='word_1_144' title='bbox 966 2359 1032 2423; x_wconf 89' lang='lat' dir='ltr'><strong>qua</strong></span> <span class='ocrx_word' id='word_1_145' title='bbox 1046 2341 1149 2405; x_wconf 85' lang='lat' dir='ltr'><strong>nixus</strong></span> <span class='ocrx_word' id='word_1_146' title='bbox 1164 2339 1299 2406; x_wconf 85' lang='lat' dir='ltr'><strong>Curtius</strong></span> <span class='ocrx_word' id='word_1_147' title='bbox 1313 2342 1363 2407; x_wconf 89' lang='lat' dir='ltr'><strong>itu</strong></span> 
     </span>
     <span class='ocr_line' id='line_1_21' title="bbox 267 2435 1362 2526; baseline 0.011 -28"><span class='ocrx_word' id='word_1_148' title='bbox 267 2435 443 2521; x_wconf 76' lang='lat' dir='ltr'><strong>palpaturr</strong></span> <span class='ocrx_word' id='word_1_149' title='bbox 465 2439 476 2470; x_wconf 92' lang='lat'>‘</span> <span class='ocrx_word' id='word_1_150' title='bbox 491 2435 594 2499; x_wconf 86' lang='lat' dir='ltr'><strong>Absit</strong></span> <span class='ocrx_word' id='word_1_151' title='bbox 602 2435 710 2514; x_wconf 90' lang='lat' dir='ltr'><strong>modo</strong></span> <span class='ocrx_word' id='word_1_152' title='bbox 725 2438 863 2516; x_wconf 87' lang='lat' dir='ltr'><strong>invidia,</strong></span> <span class='ocrx_word' id='word_1_153' title='bbox 878 2440 1024 2524; x_wconf 83' lang='lat' dir='ltr'><strong>excipiet</strong></span> <span class='ocrx_word' id='word_1_154' title='bbox 1038 2441 1134 2526; x_wconf 87' lang='lat' dir='ltr'><strong>hujus</strong></span> <span class='ocrx_word' id='word_1_155' title='bbox 1148 2442 1264 2509; x_wconf 79' lang='lat' dir='ltr'><strong>saecnli</strong></span> <span class='ocrx_word' id='word_1_156' title='bbox 1279 2450 1362 2509; x_wconf 85' lang='lat' dir='ltr'><strong>tem·</strong></span> 
     </span>
     <span class='ocr_line' id='line_1_22' title="bbox 266 2534 1363 2632; baseline 0.01 -32"><span class='ocrx_word' id='word_1_157' title='bbox 266 2554 351 2632; x_wconf 75' lang='lat' dir='ltr'><strong>perp</strong></span> <span class='ocrx_word' id='word_1_158' title='bbox 364 2535 516 2619; x_wconf 85' lang='lat' dir='ltr'><strong>ejusdcm</strong></span> <span class='ocrx_word' id='word_1_159' title='bbox 530 2534 661 2613; x_wconf 91' lang='lat' dir='ltr'><strong>domus,</strong></span> <span class='ocrx_word' id='word_1_160' title='bbox 675 2538 804 2603; x_wconf 88' lang='lat' dir='ltr'><strong>utinam</strong></span> <span class='ocrx_word' id='word_1_161' title='bbox 819 2548 991 2624; x_wconf 87' lang='lat' dir='ltr'><strong>perpetua,</strong></span> <span class='ocrx_word' id='word_1_162' title='bbox 1010 2548 1098 2607; x_wconf 90' lang='lat' dir='ltr'><strong>certe</strong></span> <span class='ocrx_word' id='word_1_163' title='bbox 1111 2543 1266 2610; x_wconf 87' lang='lat' dir='ltr'><strong>diuturna</strong></span> <span class='ocrx_word' id='word_1_164' title='bbox 1281 2565 1363 2631; x_wconf 89' lang='lat' dir='ltr'><strong>pos·</strong></span> 
     </span>
     <span class='ocr_line' id='line_1_23' title="bbox 266 2636 401 2702; baseline 0.007 -1"><span class='ocrx_word' id='word_1_165' title='bbox 266 2636 401 2702; x_wconf 65' lang='lat' dir='ltr'><strong>teritus!</strong></span> 
     </span>
    </p>

    <p class='ocr_par' dir='ltr' id='par_1_3' title="bbox 263 2728 1364 3109">
     <span class='ocr_line' id='line_1_24' title="bbox 309 2728 1363 2829; baseline 0.009 -26"><span class='ocrx_word' id='word_1_166' title='bbox 309 2738 490 2803; x_wconf 89' lang='lat' dir='ltr'><strong>Dominum</strong></span> <span class='ocrx_word' id='word_1_167' title='bbox 505 2737 622 2821; x_wconf 89' lang='lat' dir='ltr'><strong>populi</strong></span> <span class='ocrx_word' id='word_1_168' title='bbox 637 2738 784 2807; x_wconf 85' lang='lat' dir='ltr'><strong>Romani</strong></span> <span class='ocrx_word' id='word_1_169' title='bbox 796 2745 920 2828; x_wconf 84' lang='lat' dir='ltr'><strong>ubique</strong></span> <span class='ocrx_word' id='word_1_170' title='bbox 935 2766 972 2811; x_wconf 88' lang='lat' dir='ltr'><strong>se</strong></span> <span class='ocrx_word' id='word_1_171' title='bbox 985 2747 1089 2829; x_wconf 78' lang='lat' dir='ltr'><strong>gessit</strong></span> <span class='ocrx_word' id='word_1_172' title='bbox 1102 2728 1363 2828; x_wconf 60' lang='lat' dir='ltr'><strong>Constantinum</strong></span> 
     </span>
     <span class='ocr_line' id='line_1_25' title="bbox 264 2839 1364 2931; baseline 0.011 -27"><span class='ocrx_word' id='word_1_173' title='bbox 264 2860 374 2924; x_wconf 87' lang='lat' dir='ltr'><strong>neque</strong></span> <span class='ocrx_word' id='word_1_174' title='bbox 398 2839 617 2923; x_wconf 86' lang='lat' dir='ltr'><strong>principatum</strong></span> <span class='ocrx_word' id='word_1_175' title='bbox 640 2840 878 2924; x_wconf 87' lang='lat' dir='ltr'><strong>dissimulavit,</strong></span> <span class='ocrx_word' id='word_1_176' title='bbox 901 2846 962 2911; x_wconf 88' lang='lat' dir='ltr'><strong>sed</strong></span> <span class='ocrx_word' id='word_1_177' title='bbox 985 2848 1099 2931; x_wconf 89' lang='lat' dir='ltr'><strong>palam</strong></span> <span class='ocrx_word' id='word_1_178' title='bbox 1126 2849 1273 2916; x_wconf 89' lang='lat' dir='ltr'><strong>ostendit</strong></span> <span class='ocrx_word' id='word_1_179' title='bbox 1303 2851 1364 2916; x_wconf 87' lang='lat' dir='ltr'><strong>ha-</strong></span> 
     </span>
     <span class='ocr_line' id='line_1_26' title="bbox 265 2942 1364 3035; baseline 0.012 -31"><span class='ocrx_word' id='word_1_180' title='bbox 265 2942 371 3006; x_wconf 87' lang='lat' dir='ltr'><strong>bitum</strong></span> <span class='ocrx_word' id='word_1_181' title='bbox 385 2942 512 3023; x_wconf 76' lang='lat' dir='ltr'><strong>regium</strong></span> <span class='ocrx_word' id='word_1_182' title='bbox 533 2942 671 3023; x_wconf 72' lang='lat' dir='ltr'><strong>gemeus</strong></span> <span class='ocrx_word' id='word_1_183' title='bbox 693 2952 728 3008; x_wconf 88' lang='lat' dir='ltr'><strong>et</strong></span> <span class='ocrx_word' id='word_1_184' title='bbox 750 2955 857 3031; x_wconf 91' lang='lat' dir='ltr'><strong>caput</strong></span> <span class='ocrx_word' id='word_1_185' title='bbox 877 2968 1043 3014; x_wconf 82' lang='lat' dir='ltr'><strong>exornans</strong></span> <span class='ocrx_word' id='word_1_186' title='bbox 1066 2960 1226 3035; x_wconf 86' lang='lat' dir='ltr'><strong>perpetuo</strong></span> <span class='ocrx_word' id='word_1_187' title='bbox 1247 2951 1364 3017; x_wconf 89' lang='lat' dir='ltr'><strong>diado-</strong></span> 
     </span>
     <span class='ocr_line' id='line_1_27' title="bbox 263 3048 377 3109; baseline 0.018 -2"><span class='ocrx_word' id='word_1_188' title='bbox 263 3048 377 3109; x_wconf 77' lang='lat' dir='ltr'><strong>mate-&#39;¹</strong></span> 
     </span>
    </p>

    <p class='ocr_par' dir='ltr' id='par_1_4' title="bbox 261 3144 1373 4051">
     <span class='ocr_line' id='line_1_28' title="bbox 310 3144 1366 3238; baseline 0.011 -29"><span class='ocrx_word' id='word_1_189' title='bbox 310 3144 378 3209; x_wconf 88' lang='lat' dir='ltr'><strong>His</strong></span> <span class='ocrx_word' id='word_1_190' title='bbox 402 3144 586 3209; x_wconf 86' lang='lat' dir='ltr'><strong>rationibus</strong></span> <span class='ocrx_word' id='word_1_191' title='bbox 611 3146 674 3212; x_wconf 87' lang='lat' dir='ltr'><strong>rite</strong></span> <span class='ocrx_word' id='word_1_192' title='bbox 699 3148 888 3232; x_wconf 87' lang='lat' dir='ltr'><strong>perpensis,</strong></span> <span class='ocrx_word' id='word_1_193' title='bbox 914 3152 973 3216; x_wconf 86' lang='lat' dir='ltr'><strong>rix</strong></span> <span class='ocrx_word' id='word_1_194' title='bbox 994 3150 1132 3217; x_wconf 89' lang='lat' dir='ltr'><strong>dubium</strong></span> <span class='ocrx_word' id='word_1_195' title='bbox 1155 3155 1366 3238; x_wconf 87' lang='lat' dir='ltr'><strong>relinquitur,</strong></span> 
     </span>
     <span class='ocr_line' id='line_1_29' title="bbox 264 3245 1366 3335; baseline 0.01 -23"><span class='ocrx_word' id='word_1_196' title='bbox 264 3246 489 3332; x_wconf 89' lang='lat' dir='ltr'><strong>conjecturam</strong></span> <span class='ocrx_word' id='word_1_197' title='bbox 518 3245 739 3315; x_wconf 82' lang='lat' dir='ltr'><strong>Illustrissimi</strong></span> <span class='ocrx_word' id='word_1_198' title='bbox 768 3252 918 3335; x_wconf 72' lang='lat' dir='ltr'><strong>Bagnolo</strong></span> <span class='ocrx_word' id='word_1_199' title='bbox 942 3274 1022 3319; x_wconf 88' lang='lat' dir='ltr'><strong>vero</strong></span> <span class='ocrx_word' id='word_1_200' title='bbox 1044 3275 1119 3318; x_wconf 86' lang='lat' dir='ltr'><strong>esse</strong></span> <span class='ocrx_word' id='word_1_201' title='bbox 1144 3256 1366 3323; x_wconf 87' lang='lat' dir='ltr'><strong>simillimam.</strong></span> 
     </span>
     <span class='ocr_line' id='line_1_30' title="bbox 265 3346 1367 3440; baseline 0.011 -26"><span class='ocrx_word' id='word_1_202' title='bbox 265 3346 463 3429; x_wconf 80' lang='lat' dir='ltr'><strong>Negandum</strong></span> <span class='ocrx_word' id='word_1_203' title='bbox 478 3348 565 3411; x_wconf 92' lang='lat' dir='ltr'><strong>euim</strong></span> <span class='ocrx_word' id='word_1_204' title='bbox 582 3368 648 3414; x_wconf 91' lang='lat' dir='ltr'><strong>uon</strong></span> <span class='ocrx_word' id='word_1_205' title='bbox 664 3357 728 3429; x_wconf 89' lang='lat' dir='ltr'><strong>est,</strong></span> <span class='ocrx_word' id='word_1_206' title='bbox 744 3351 849 3418; x_wconf 85' lang='lat' dir='ltr'><strong>Curtii</strong></span> <span class='ocrx_word' id='word_1_207' title='bbox 865 3356 959 3421; x_wconf 91' lang='lat' dir='ltr'><strong>nulla</strong></span> <span class='ocrx_word' id='word_1_208' title='bbox 974 3357 1076 3421; x_wconf 88' lang='lat' dir='ltr'><strong>verba</strong></span> <span class='ocrx_word' id='word_1_209' title='bbox 1096 3376 1160 3421; x_wconf 90' lang='lat' dir='ltr'><strong>non</strong></span> <span class='ocrx_word' id='word_1_210' title='bbox 1182 3376 1367 3440; x_wconf 83' lang='lat' dir='ltr'><strong>congruere</strong></span> 
     </span>
     <span class='ocr_line' id='line_1_31' title="bbox 263 3448 1367 3540; baseline 0.014 -27"><span class='ocrx_word' id='word_1_211' title='bbox 263 3449 387 3532; x_wconf 88' lang='lat' dir='ltr'><strong>optime</strong></span> <span class='ocrx_word' id='word_1_212' title='bbox 401 3466 479 3511; x_wconf 90' lang='lat' dir='ltr'><strong>cum</strong></span> <span class='ocrx_word' id='word_1_213' title='bbox 493 3448 631 3531; x_wconf 89' lang='lat' dir='ltr'><strong>imperio</strong></span> <span class='ocrx_word' id='word_1_214' title='bbox 646 3450 856 3519; x_wconf 84' lang='lat' dir='ltr'><strong>Constantini</strong></span> <span class='ocrx_word' id='word_1_215' title='bbox 873 3456 923 3519; x_wconf 86' lang='grc' dir='ltr'><strong>Μ.</strong></span> <span class='ocrx_word' id='word_1_216' title='bbox 960 3457 1047 3521; x_wconf 87' lang='lat' dir='ltr'><strong>Etsi</strong></span> <span class='ocrx_word' id='word_1_217' title='bbox 1062 3458 1234 3523; x_wconf 84' lang='lat' dir='ltr'><strong>iterasse</strong></span> <span class='ocrx_word' id='word_1_218' title='bbox 1249 3460 1367 3540; x_wconf 87' lang='lat' dir='ltr'><strong>habet,</strong></span> 
     </span>
     <span class='ocr_line' id='line_1_32' title="bbox 263 3546 1369 3642; baseline 0.014 -29"><span class='ocrx_word' id='word_1_219' title='bbox 263 3548 426 3613; x_wconf 89' lang='lat' dir='ltr'><strong>neminem</strong></span> <span class='ocrx_word' id='word_1_220' title='bbox 452 3546 596 3629; x_wconf 91' lang='lat' dir='ltr'><strong>amplius</strong></span> <span class='ocrx_word' id='word_1_221' title='bbox 619 3552 779 3633; x_wconf 86' lang='lat' dir='ltr'><strong>movebit,</strong></span> <span class='ocrx_word' id='word_1_222' title='bbox 802 3554 911 3620; x_wconf 84' lang='lat' dir='ltr'><strong>Curtii</strong></span> <span class='ocrx_word' id='word_1_223' title='bbox 932 3576 1093 3641; x_wconf 90' lang='lat' dir='ltr'><strong>nosquam</strong></span> <span class='ocrx_word' id='word_1_224' title='bbox 1117 3560 1206 3642; x_wconf 92' lang='lat' dir='ltr'><strong>apnd</strong></span> <span class='ocrx_word' id='word_1_225' title='bbox 1231 3568 1369 3630; x_wconf 81' lang='lat' dir='ltr'><strong>veteres</strong></span> 
     </span>
     <span class='ocr_line' id='line_1_33' title="bbox 261 3648 1370 3744; baseline 0.016 -31"><span class='ocrx_word' id='word_1_226' title='bbox 261 3648 460 3714; x_wconf 86' lang='lat' dir='ltr'><strong>mentionem</strong></span> <span class='ocrx_word' id='word_1_227' title='bbox 496 3648 580 3713; x_wconf 86' lang='lat' dir='ltr'><strong>fieri.</strong></span> <span class='ocrx_word' id='word_1_228' title='bbox 636 3650 756 3717; x_wconf 88' lang='lat' dir='ltr'><strong>Mirari</strong></span> <span class='ocrx_word' id='word_1_229' title='bbox 782 3657 884 3721; x_wconf 90' lang='lat' dir='ltr'><strong>etiam</strong></span> <span class='ocrx_word' id='word_1_230' title='bbox 913 3656 1115 3736; x_wconf 88' lang='lat' dir='ltr'><strong>desinemus,</strong></span> <span class='ocrx_word' id='word_1_231' title='bbox 1149 3680 1227 3744; x_wconf 76' lang='lat' dir='ltr'><strong>quaa</strong></span> <span class='ocrx_word' id='word_1_232' title='bbox 1256 3684 1370 3731; x_wconf 87' lang='lat' dir='ltr'><strong>cansa</strong></span> 
     </span>
     <span class='ocr_line' id='line_1_34' title="bbox 262 3748 1371 3845; baseline 0.015 -30"><span class='ocrx_word' id='word_1_233' title='bbox 262 3751 361 3815; x_wconf 81' lang='lat' dir='ltr'><strong>fuerit</strong></span> <span class='ocrx_word' id='word_1_234' title='bbox 392 3748 549 3814; x_wconf 89' lang='lat' dir='ltr'><strong>codicum</strong></span> <span class='ocrx_word' id='word_1_235' title='bbox 573 3756 871 3841; x_wconf 90' lang='lat' dir='ltr'><strong>manuscriptorum</strong></span> <span class='ocrx_word' id='word_1_236' title='bbox 896 3761 1059 3844; x_wconf 78' lang='lat' dir='ltr'><strong>penuriae,</strong></span> <span class='ocrx_word' id='word_1_237' title='bbox 1078 3781 1156 3845; x_wconf 87' lang='lat' dir='ltr'><strong>qnoe</strong></span> <span class='ocrx_word' id='word_1_238' title='bbox 1179 3768 1274 3837; x_wconf 77' lang='lat' dir='ltr'><strong>tanta</strong></span> <span class='ocrx_word' id='word_1_239' title='bbox 1305 3774 1371 3845; x_wconf 89' lang='lat' dir='ltr'><strong>est,</strong></span> 
     </span>
     <span class='ocr_line' id='line_1_35' title="bbox 263 3850 1371 3946; baseline 0.017 -33"><span class='ocrx_word' id='word_1_240' title='bbox 263 3859 310 3925; x_wconf 86' lang='lat' dir='ltr'><strong>ut,</strong></span> <span class='ocrx_word' id='word_1_241' title='bbox 325 3870 399 3915; x_wconf 91' lang='lat' dir='ltr'><strong>cum</strong></span> <span class='ocrx_word' id='word_1_242' title='bbox 415 3850 545 3915; x_wconf 80' lang='lat' dir='ltr'><strong>lacunae</strong></span> <span class='ocrx_word' id='word_1_243' title='bbox 560 3857 661 3936; x_wconf 88' lang='lat' dir='ltr'><strong>atque</strong></span> <span class='ocrx_word' id='word_1_244' title='bbox 676 3860 877 3941; x_wconf 85' lang='lat' dir='ltr'><strong>corruptelae</strong></span> <span class='ocrx_word' id='word_1_245' title='bbox 899 3862 1055 3926; x_wconf 83' lang='lat' dir='ltr'><strong>omnibns</strong></span> <span class='ocrx_word' id='word_1_246' title='bbox 1070 3883 1267 3929; x_wconf 86' lang='lat' dir='ltr'><strong>communes</strong></span> <span class='ocrx_word' id='word_1_247' title='bbox 1284 3870 1371 3946; x_wconf 89' lang='lat' dir='ltr'><strong>sint,</strong></span> 
     </span>
     <span class='ocr_line' id='line_1_36' title="bbox 262 3951 1373 4051; baseline 0.018 -36"><span class='ocrx_word' id='word_1_248' title='bbox 262 3960 351 4017; x_wconf 87' lang='lat' dir='ltr'><strong>recte</strong></span> <span class='ocrx_word' id='word_1_249' title='bbox 368 3952 519 4037; x_wconf 87' lang='lat' dir='ltr'><strong>judicare</strong></span> <span class='ocrx_word' id='word_1_250' title='bbox 543 3951 623 4017; x_wconf 87' lang='lat' dir='ltr'><strong>VV.</strong></span> <span class='ocrx_word' id='word_1_251' title='bbox 641 3956 720 4022; x_wconf 88' lang='lat' dir='ltr'><strong>DD.</strong></span> <span class='ocrx_word' id='word_1_252' title='bbox 737 3960 920 4042; x_wconf 81' lang='lat' dir='ltr'><strong>rideantur,</strong></span> <span class='ocrx_word' id='word_1_253' title='bbox 940 3964 999 4047; x_wconf 87' lang='lat' dir='ltr'><strong>qui</strong></span> <span class='ocrx_word' id='word_1_254' title='bbox 1020 3983 1065 4029; x_wconf 83' lang='lat' dir='ltr'><strong>cx</strong></span> <span class='ocrx_word' id='word_1_255' title='bbox 1087 3984 1154 4030; x_wconf 91' lang='lat' dir='ltr'><strong>uno</strong></span> <span class='ocrx_word' id='word_1_256' title='bbox 1176 3969 1373 4051; x_wconf 80' lang='lat' dir='ltr'><strong>exemplari</strong></span> 
     </span>
    </p>
   </div>
   <div class='ocr_carea' id='block_1_3' title="bbox 480 4189 1133 4252">
    <p class='ocr_par' dir='ltr' id='par_1_5' title="bbox 480 4189 1133 4252">
     <span class='ocr_line' id='line_1_37' title="bbox 480 4189 1133 4252; baseline 0.017 -14"><span class='ocrx_word' id='word_1_257' title='bbox 480 4190 487 4221; x_wconf 81' lang='lat'><strong>¹</strong></span> <span class='ocrx_word' id='word_1_258' title='bbox 507 4189 577 4241; x_wconf 82' lang='lat' dir='ltr'><strong>ldem</strong></span> <span class='ocrx_word' id='word_1_259' title='bbox 590 4192 654 4245; x_wconf 85' lang='lat' dir='ltr'><strong>ibid.</strong></span> <span class='ocrx_word' id='word_1_260' title='bbox 880 4208 892 4233; x_wconf 85' lang='lat'><strong>·</strong></span> <span class='ocrx_word' id='word_1_261' title='bbox 909 4200 1000 4251; x_wconf 77' lang='lat' dir='ltr'><strong>Aurei.</strong></span> <span class='ocrx_word' id='word_1_262' title='bbox 1011 4201 1081 4251; x_wconf 79' lang='lat' dir='ltr'><strong>Vici.</strong></span> <span class='ocrx_word' id='word_1_263' title='bbox 1092 4206 1133 4252; x_wconf 73' lang='lat'><strong>³7.</strong></span> 
     </span>
    </p>
   </div>
   <div class='ocr_carea' id='block_1_4' title="bbox 0 0 1468 4867">
    <p class='ocr_par' dir='ltr' id='par_1_6' title="bbox 0 0 1468 4867">
     <span class='ocr_line' id='line_1_38' title="bbox 0 0 1468 4867; baseline 0 2"><span class='ocrx_word' id='word_1_264' title='bbox 0 0 1468 4867; x_wconf 95' lang='lat' dir='ltr'><strong> </strong></span> 
     </span>
    </p>
   </div>
  </div>
 </body>
</html>
