2925 4867
384 370 443 419 on.
467 370 561 419 oxu.
583 352 614 419 2.
652 373 688 419 n.
712 370 772 420 on.
795 369 831 421 n.
853 356 928 423 331.
982 384 985 390 ¹
1139 344 1204 423 an

112 508 213 591 q'uanr
227 526 302 574 cum
325 511 424 576 avide
443 512 607 577 turbidam
620 513 821 590 hausissent,
836 514 1065 595 tendebantur}
1075 520 1203 598 extem-

114 610 170 691 plo
183 612 373 694 praeoordia
387 622 559 697 premente
572 614 654 679 limo
662 626 683 696 ς’
704 616 930 699 resolutisque
945 623 979 682 et
992 617 1204 700 torpentibus

114 712 283 792 membris,
294 732 370 778 cum
392 716 638 798 supervenisset
655 710 780 793 bostis,
796 718 891 779 novis
907 716 1099 780 vulneribus
1113 718 1205 781 exci-

113 812 275 878 tabantur.
318 814 374 881 lt.
396 814 556 894 Quidam,
572 818 748 899 occupatis
763 817 930 899 proximis
953 816 1205 894 rivis‚divarte·

113 918 186 977 runt
206 913 348 998 longius,
362 922 413 995 ut,
430 918 588 1002 quicquid
613 918 738 982 occulti
761 918 911 982 humoris
931 936 1075 999 usquam
1091 936 1206 982 mana-

113 1019 172 1092 rat3
184 1016 397 1099 exciperent:
425 1036 487 1082 nec
511 1018 579 1083 ulla
596 1018 683 1083 adeo
701 1018 781 1083 avia
802 1026 838 1081 et
861 1018 955 1082 sicca
976 1017 1098 1081 lacnua
1123 1025 1205 1096 erat,

113 1134 188 1201 quae
203 1117 437 1199 vestigantium
449 1120 538 1183 sitim
546 1118 701 1185 lulleret.d
720 1118 816 1184 le
830 1119 995 1203 proximis
1005 1139 1087 1185 vero
1097 1122 1205 1185 itineri

112 1216 197 1281 vicis
222 1235 337 1282 sonum
361 1219 508 1283 ululatus
531 1220 810 1306 ioeminnrumque
833 1219 1108 1300 exaudiebantur,
1127 1222 1206 1287 bar·

112 1318 194 1381 baro
208 1320 276 1381 ritn
292 1318 455 1383 ‘Darium
465 1317 477 1347 '
489 1318 597 1385 adhuc
612 1320 758 1403 ‘regem'
771 1321 998 1386 clamantium.
1033 1320 1087 1386 16.
1103 1316 1206 1386 Alex-

112 1417 225 1494 ander,
238 1429 276 1484 nt
289 1419 524 1502 supradictum
537 1428 601 1499 est,
617 1421 756 1486 inhibito
769 1417 783 1457 ‘¹
798 1440 932 1487 suorum
950 1442 1063 1500 cursu,
1078 1422 1121 1487 ad
1137 1423 1205 1506 Ly-

111 1537 189 1583 cum
213 1537 341 1585 umnem
367 1528 581 1605 pervenerat3
597 1522 655 1585 ubi
679 1524 793 1604 ingens
809 1522 985 1587 multitudo
1007 1520 1205 1606 fugientium

111 1628 304 1687 oneraverat
328 1630 473 1705 pontem,
488 1628 522 1685 ot
536 1622 694 1705 plerique,
710 1643 786 1687 cum
809 1623 913 1686 bostis
935 1628 1074 1704 urgeret,
1087 1624 1122 1686 iu
1143 1624 1207 1686 ilu-

110 1740 187 1785 men
201 1740 238 1786 se
252 1724 555 1807 praecipitaverant,
570 1743 758 1807 gravesque
780 1725 880 1789 anuis
893 1730 927 1789 et
941 1725 1060 1806 praelio
1072 1742 1113 1788 ac
1124 1724 1206 1806 suga

111 1820 287 1905 defatigati
309 1824 494 1907 gurgitibus
507 1822 749 1891 hauriebantur.
792 1826 844 1890 17.
866 1824 1015 1908 Jamque
1036 1842 1104 1888 non
1119 1843 1205 1908 pons

109 1922 215 1989 modo
225 1923 399 2008 fugientes,
415 1925 475 1989 sed
489 1944 533 1989 ne
547 1926 655 1991 amuis
668 1926 802 2009 quidem
819 1926 988 2008 capiebat,
999 1926 1132 2007 agmina
1144 1942 1207 1989 sua

111 2023 297 2109 improvide
320 2026 461 2091 subinde
484 2028 712 2093 cumulantes:
735 2028 871 2112 quippe,
896 2026 955 2090 ubi
978 2025 1114 2088 intravit
1137 2026 1208 2089 ani·

110 2144 189 2192 mos
202 2144 317 2211 paror,
332 2128 367 2192 id
384 2129 492 2195 solum
508 2135 671 2205 metuunt,
688 2128 780 2211 quod
793 2128 933 2210 primum
950 2122 1127 2190 formidare
1136 2129 1207 2190 ooess

110 2234 245 2313 petunt.
286 2228 340 2293 18.
361 2226 560 2295 Alexander
580 2230 782 2294 instantibus
798 2229 881 2306 suis,
901 2227 1058 2310 ‘impune
1080 2226 1207 2289 abenn-

110 2334 183 2394 tem
196 2327 328 2394 bostem
349 2328 446 2413 sequi
470 2330 683 2413 permitteret,
702 2330 835 2395 hebetia
857 2328 924 2395 tela
948 2346 1023 2391 esse
1038 2335 1074 2391 et
1086 2345 1206 2392 manus
1277 2388 1281 2396 ,

144 2511 155 2537 ‘
172 2505 373 2559 Dieteededaater
382 2506 504 2569 majeetlm
512 2506 611 2569 rheno,
622 2506 678 2553 tirno
688 2504 832 2555 ademare.

143 2565 158 2602 ⁴
175 2568 253 2625 Qum
263 2572 433 2635 &ridentium
443 2572 546 2621 aniddue
556 2582 601 2619 eoa
610 2568 799 2631 deprehenderet.

569 2710 752 2737 mum

108 2814 188 2864 voes.
198 2816 222 2863 1.
232 2815 321 2863 h—lt
337 2814 391 2864 Pro
409 2830 463 2864 eser
479 2815 522 2864 die
539 2814 615 2875 ouidi,
625 2814 694 2877 quod
707 2813 832 2864 exhibent
850 2812 927 2862 Voce.
937 2816 963 2862 8.
979 2810 1064 2873 Bong.
1075 2807 1128 2871 alti,
1147 2820 1207 2856 eum

109 2876 174 2927 edd.
187 2877 302 2927 Freineb.
319 2876 413 2928 cellar.
430 2878 522 2927 Pitlsc.
538 2878 607 2927 Tell.
618 2876 706 2926 Maitt.
723 2876 802 2927 θοοὶ.
821 2875 902 2925 Βιτο.
920 2875 980 2937 Bip.
990 2874 1078 2924 cone.
1090 2880 1118 2921 et
1127 2871 1207 2921 Both.

106 2940 267 2991 Schmieder.
278 2956 312 2989 ex
323 2940 400 2992 codd.
413 2942 528 2993 Floreat.
539 2941 611 2991 held.
623 2948 651 2991 et
660 2941 737 2989 Voss.
749 2941 774 2991 l.
791 2939 878 2991 dedit:
894 2954 947 2987 eser
958 2937 1038 2999 aeide,
1050 2934 1118 3000 qnod
1127 2934 1208 3011 babet

109 3006 193 3055 etiarn
215 3003 327 3054 hlodiue.
370 3004 442 3055 Pitb.
458 3004 578 3068 extimplo.
612 3005 696 3066 Boug.
717 3004 774 3056 dm
791 3018 813 3052 e.
833 3003 982 3051 hortm-lt
998 3001 1112 3053 Florent.
1133 2997 1208 3047 laerd.

106 3070 223 3119 ναοὶ.
240 3074 268 3118 et
279 3068 362 3131 Bong.
380 3070 535 3118 decederent.
569 3068 653 3131 Roog.
664 3083 764 3129 maara
776 3072 888 3116 meret.
919 3065 988 3116 Dan.
1004 3071 1033 3113 et
1052 3062 1110 3112 Pel.
1122 3065 1147 3110 1.
1164 3058 1207 3109 hee

107 3134 169 3183 rdln.
203 3131 373 3187 Dauduana,
391 3131 436 3181 red
456 3139 611 3192 correctum,
629 3132 807 3195 superscripto
826 3124 1170 3184 a.·rlorear.1.eto.v0m
1181 3128 1207 3173 1.

107 3199 196 3247 neam
205 3202 265 3257 erut,
274 3201 300 3245 et
312 3194 495 3259 minatione,-
511 3196 585 3245 Voss.
597 3200 622 3245 2.
638 3196 655 3245 l.
666 3212 688 3247 e.
698 3199 724 3243 nt
735 3192 903 3255 οιοεὶςοοῑὲοοι
909 3208 926 3251 ,·,
935 3192 1023 3253 Bong.
1032 3192 1050 3241 l.
1061 3205 1083 3264 ς.
1094 3203 1146 3263 pec
1156 3201 1208 3262 eqe-

105 3260 314 3321 emmane-rs
335 3260 357 3307 Β
370 3258 486 3324 proeimie
497 3273 549 3309 aere
562 3260 677 3309 Floreat.
698 3256 772 3307 Leid.
790 3267 819 3307 et
838 3256 913 3305 Voss.
932 3260 954 3303 1.
970 3269 1024 3329 οπο
1040 3255 1137 3303 drumm
1155 3265 1208 3299 ereo

106 3324 189 3375 Voss.
199 3326 224 3373 2.
238 3323 343 3373 conto
358 3337 438 3375 ment
455 3323 569 3373 Floreat.
587 3323 660 3372 Leid.
678 3322 752 3371 Voss.
763 3325 787 3371 1.
798 3327 826 3370 et
835 3320 919 3383 Bong.
936 3318 1092 3368 manner
1111 3313 1169 3364 Pal.
1182 3318 1207 3363 1.

105 3388 188 3438 adher
198 3386 303 3437 Doricos
314 3401 394 3447 regem
409 3388 534 3437 mata
546 3386 683 3437 Pube-lo
700 3386 816 3435 Florent.
835 3382 910 3433 leid.
921 3382 995 3431 vno.
1008 3386 1031 3430 1.
1042 3384 1068 3429 2.
1082 3385 1111 3427 et
1121 3378 1207 3440 Bong.

105 3452 202 3515 inpetu
216 3464 264 3513 pro
279 3465 359 3499 cum.
393 3448 463 3500 Pitb.
480 3452 512 3499 ad
528 3445 559 3501 L.
575 3466 599 3499 a.
618 3450 736 3511 perunit.
769 3447 829 3499 ald.
842 3460 976 3509 cruorque
985 3445 1132 3494 erm-lt
1150 3440 1207 3491 col.

105 3516 175 3565 Bar.
187 3513 264 3565 Proh.
274 3514 343 3563 Mer.
355 3518 384 3565 et
399 3513 460 3563 ard.
477 3512 612 3576 ιὀοροοοίοα
621 3512 693 3573 farge
702 3512 817 3570 reotede3
832 3510 910 3561 Voss.
919 3514 945 3558 2.
960 3521 1060 3573 propere
1072 3505 1135 3567 suge
1150 3504 1207 3555 ut·

105 3579 185 3635 iader
201 3578 260 3628 alil:
277 3576 410 3641 improuide
419 3576 484 3639 sago
494 3576 599 3627 mitade.
632 3576 700 3625 Vide
713 3574 848 3625 Nobilem
882 3573 996 3622 Floreat.
1009 3568 1168 3621 notavere.
1182 3571 1207 3616 l.

105 3646 138 3692 Β.
155 3644 225 3693 Dan.
236 3640 295 3691 Pel.
304 3647 329 3691 t·
344 3649 372 3690 et
384 3640 465 3706 Bong.
477 3645 501 3691 2.
512 3640 667 3696 emuatu:
682 3640 770 3699 Bong.
781 3642 805 3688 1.
815 3636 1018 3688 mama-18
1033 3633 1132 3695 Vulgg.
1144 3636 1206 3679 ente

105 3706 229 3757 Frelntlr.
239 3704 290 3754 enit
299 3704 429 3765 abenton,
439 3704 534 3755 omisso
545 3704 639 3767 ἐφη
646 3718 656 3761 5
673 3700 790 3753 Floreat.
805 3702 878 3751 uid.
887 3702 966 3749 Voce.
978 3704 1002 3747 1.
1013 3701 1038 3746 ἱ.
1058 3696 1127 3744 Dan.
1146 3692 1206 3742 Pal.

106 3776 134 3821 l.
147 3767 210 3820 Alo.
223 3768 306 3818 colio.
325 3768 427 3831 Grypb.
437 3768 498 3818 Bae.
510 3768 565 3819 Col.
578 3767 654 3817 Frob.
664 3772 693 3817 et
703 3767 772 3816 bier.
784 3760 1115 3827 ωϋοιίοιμοιοοωίιοι
1146 3757 1206 3806 rto·

105 3840 179 3883 rent.
192 3832 263 3883 Leid.
276 3838 305 3881 et
314 3832 390 3881 Voss.
402 3834 425 3881 1.
439 3832 586 3895 permitteret
598 3830 683 3895 repul,-
698 3828 761 3879 ald.
771 3828 855 3879 colla.
866 3826 966 3891 (tryph.
978 3825 1034 3873 llas.
1045 3821 1124 3871 Frob.
1135 3819 1206 3868 bier.

105 3905 138 3948 et
152 3898 229 3947 Voss.
239 3900 264 3946 2.
275 3896 329 3945 inde
339 3894 487 3959 permitteret
495 3894 570 3961 requi.
597 3892 671 3945 Leid.
682 3900 711 3943 et
721 3893 805 3956 Bong.
815 3906 864 3943 eree
872 3892 920 3941 tete
927 3905 937 3948 ,·
947 3889 1016 3939 bler.
1026 3886 1076 3935 telo
1086 3898 1144 3943 ecee,
1154 3889 1208 3932 tarn

607 4018 716 4073 bourn

139 4122 152 4157 ⁴
169 4118 288 4183 Indibile]
304 4118 363 4171 lino
373 4121 486 4183 majam
498 4118 530 4168 ed
543 4120 640 4183 Lycum
680 4130 736 4166 eum
754 4114 887 4178 repressit,
903 4126 937 4165 ne
955 4110 1088 4177 fugientes
1099 4110 1207 4162 alteriue

101 4210 212 4249 amnem
224 4202 389 4261 pervenerat,
399 4208 457 4245 cum
468 4208 573 4245 suorum
583 4208 640 4245 eur·
681 4197 907 4257 persequerentur.
