2925 4867
286 307 351 372 uu
673 317 702 364 r.
726 310 977 364 santusunutr

284 452 694 532 mentumiuvexeriutritee.
736 451 814 512 lllud
838 451 928 512 etiarn
952 447 1145 512 admiratione
1165 448 1292 529 dunum
1307 467 1361 530 pro·

286 552 465 634 ditur,quod
479 552 559 612 circa
570 550 654 612 canis
668 559 813 619 exertum,
823 546 918 608 ventis
933 544 1118 625 depressiora
1136 545 1362 618 turbantibus-,iu

287 669 402 714 summo
414 647 488 708 ldeei
496 645 563 727 jugi
576 645 729 706 cacumine
743 641 860 722 quietus
873 643 924 702 aiir
938 650 985 702 ert
996 660 1026 700 r·
1050 643 1097 703 16.
1108 640 1249 722 quodque
1264 640 1364 704 ‘multa

287 745 386 808 adhuc
404 752 492 804 nocte
514 741 597 802 terris
620 741 802 810 incubantes
814 735 909 798 solem
919 736 928 762 '
940 737 1024 797 aium
1036 744 1045 772 ⁶
1055 736 1197 818 conspici,
1211 756 1272 798 uon
1297 735 1362 815 globi

286 843 401 921 figam:
423 839 476 900 sed
489 838 520 898 in
534 836 744 916 amplissimam
757 833 942 894 latitudinem
960 849 1104 914 sparsum,
1117 843 1148 893 et
1159 833 1241 894 velun
1254 831 1364 892 dirersis

285 937 398 1015 ignium
416 932 584 1013 agminibus
604 942 762 1009 utrumque
784 928 892 990 montis
905 927 984 990 latus
1009 927 1199 1007 amplexum,⁹
1212 928 1292 990 coire
1305 945 1363 1006 pau·
1440 947 1441 984 t

287 1031 381 1104 latium
394 1041 426 1090 et
444 1029 661 1109 propinquante
676 1027 739 1106 jam
754 1024 820 1086 luce
840 1024 946 1104 jugero
960 1024 1050 1104 paulo
1073 1023 1167 1103 majus
1182 1025 1310 1104 spatium
1322 1023 1365 1082 in·

287 1125 387 1206 plerar
407 1124 555 1205 pauloque
568 1131 638 1202 post
656 1119 807 1182 insolitum
825 1120 925 1180 orbem
945 1119 1102 1188 collectum
1126 1116 1306 1180 destinatum
1323 1119 1365 1178 iter

199 1269 205 1277 .
286 1218 474 1302 percurrere!
516 1219 563 1279 16.
584 1215 683 1276 Credo
696 1233 749 1294 per
771 1215 867 1274 a'e'rem
889 1224 1033 1276 nocturno
1053 1215 1122 1292 gelu
1135 1213 1300 1287 astrictum,
1312 1213 1365 1274 nul·

286 1317 384 1394 lisque
405 1325 560 1374 ventorum
581 1313 700 1377 datibus
723 1309 889 1389 disjectum,
908 1309 980 1372 solis
1003 1310 1134 1382 orientis,
1155 1309 1253 1372 adhuc
1271 1310 1364 1388 imper·
1440 1343 1441 1350 2

287 1411 367 1470 tecta
379 1410 506 1488 imagine
525 1408 586 1469 late
599 1425 713 1488 sparsa,
727 1405 819 1466 fallax
841 1405 943 1466 oculis
956 1405 1127 1468 miraculum
1144 1423 1304 1487 apparenter
1322 1403 1366 1464 do·

288 1525 346 1567 nec
358 1524 395 1565 eo
415 1503 554 1584 paulatim
568 1506 597 1564 vi
614 1505 721 1566 caloris
742 1503 878 1564 absumta
898 1501 1111 1583 diruptamque,
1125 1502 1198 1562 liber
1221 1499 1261 1562 ad
1281 1501 1366 1581 ipsun
1440 1499 1441 1578 J

288 1601 393 1666 sideris
406 1602 506 1662 orbem
519 1610 657 1679 aspectus
682 1597 887 1678 permittatur:
908 1617 978 1660 nam
1001 1615 1106 1658 sereno
1119 1595 1289 1677 liquidoque
1305 1594 1368 1656 culo

287 1696 363 1758 radii
376 1697 629 1756 munemittuntur:
654 1697 702 1756 17.
722 1695 774 1755 ubi
796 1706 918 1756 coactus
938 1696 988 1754 adr
1010 1705 1067 1765 est,
1080 1693 1159 1754 sulit
1178 1703 1326 1771 exceptos,
1343 1697 1368 1748 et

287 1802 429 1870 tanquam
442 1790 473 1848 in
488 1790 640 1868 speculum
649 1790 814 1852 incidentes
828 1809 896 1852 cum
903 1790 1083 1851 incremento
1094 1786 1260 1868 splendoris
1271 1785 1368 1848 diffun-
1440 1793 1441 1798 ’

289 1885 345 1946 dit.
388 1887 436 1946 18.
457 1885 520 1944 Sub
534 1883 596 1944 ldae
615 1883 763 1946 radicibus
787 1885 950 1964 Cyzicenus
963 1904 1035 1964 ager
1048 1884 1078 1943 iu
1093 1883 1305 1964 Propontidem
1325 1901 1369 1946 ax·
1440 1899 1441 1916 ¹

288 1983 418 2042 rrurritz‘¹
436 1982 534 2061 ipsum
557 1979 698 2059 oppidum
711 1982 742 2042 in
763 1981 903 2044 mediocri
924 1982 1023 2042 insula
1045 1981 1133 2042 situm
1157 1979 1275 2059 gemino
1290 1987 1371 2058 ponte
1440 1979 1441 2048 ξ

286 2077 450 2140 munuera
463 2075 638 2136 annectitur.
680 2076 741 2138 Sed
755 2077 786 2136 id
800 2096 875 2158 opus
889 2077 979 2155 paulo
993 2086 1062 2157 post
1075 2073 1244 2138 Alexander
1263 2074 1371 2136 molitus
1440 2079 1441 2116 l

288 2182 353 2232 sat:
374 2171 431 2230 sub
445 2169 613 2230 Memnonis
626 2169 843 2249 expeditionem
852 2171 975 2232 naribus
986 2171 1213 2234 commeabatur.
1260 2172 1306 2232 19.
1320 2167 1374 2240 Qui

289 2283 358 2326 cum
383 2263 546 2342 Cyzicenos
570 2264 729 2342 improviso
751 2265 862 2346 impetu
887 2266 1082 2346 nequicquam
1099 2264 1263 2337 terruisset,
1283 2283 1374 2330 muros

289 2360 424 2439 guaviter
438 2359 587 2421 tuentibus
606 2360 784 2439 oppidanisr
805 2379 905 2422 eorum
928 2360 1077 2439 regionem
1091 2360 1239 2420 hostiliter
1259 2359 1375 2440 popula·

289 2465 350 2529 tus,
363 2473 502 2534 magnam
516 2453 585 2516 inde
598 2455 729 2534 praedam
744 2457 854 2536 coig'it.
894 2459 945 2518 20.
967 2456 1032 2532 Nec
1045 2474 1064 2518 a
1078 2455 1278 2516 Macedonum
1299 2455 1377 2516 duci-

289 2553 345 2614 bus
359 2552 551 2612 cessabatur:
574 2550 729 2614 Parmenio
751 2552 895 2633 Grynium
908 2551 1032 2614 AEolidis
1053 2551 1198 2632 oppidum¹
1219 2563 1379 2633 expugnat,

289 2647 403 2709 incolae
426 2647 558 2707 servituti
581 2646 703 2729 addicit.
745 2648 861 2710 Deinde
886 2647 1009 2710 Caicum
1030 2667 1144 2709 amnem
1168 2658 1378 2728 transgressus,

290 2743 416 2803 Pitanen
430 2740 572 2814 adoritur,
584 2744 686 2804 urbem
708 2743 890 2824 opulentam,
908 2755 939 2804 et
960 2743 1072 2824 duplici
1094 2757 1181 2824 portu
1201 2744 1381 2824 accipiendis

290 2839 329 2898 ab
346 2838 465 2914 Europa
485 2837 579 2916 copiis
600 2847 817 2917 opportunam:
847 2837 901 2900 sed
923 2857 1048 2918 propero
1067 2838 1197 2902 adventu
1212 2839 1381 2906 Memnonis

291 2933 390 2994 statim
412 2933 511 2993 soluta
530 2933 646 2994 obsidio
667 2944 724 2995 est.
765 2936 815 2994 21.
836 2934 926 2996 Calas
951 2933 1144 3014 deiude,'qui
1166 2953 1235 2996 cum
1259 2935 1383 3004 modicis
1440 2911 1441 2970 l

291 3029 491 3091 Macedonum
511 3038 601 3107 atque
621 3030 866 3092 mercenariorum
886 3031 978 3110 copiis
997 3031 1026 3092 iu
1040 3029 1155 3094 Troade
1178 3049 1225 3090 res
1251 3033 1383 3111 gerebat,

290 3145 358 3188 cum
373 3125 472 3186 Persis
484 3123 586 3203 praelio
598 3126 740 3186 cenavit:
761 3137 791 3186 et
805 3125 898 3206 impar
912 3126 1039 3188 hosfium
1054 3125 1233 3188 multitudini
1247 3127 1278 3188 in
1295 3128 1386 3193 Rhae-

290 3235 371 3284 teum
385 3241 418 3280 se
429 3222 548 3300 recepit.
1440 3291 1441 3296 η

207 3346 216 3361 s
331 3319 373 3378 ll.
398 3320 425 3376 l.
448 3317 563 3378 luteres
576 3317 756 3389 Alexander,
769 3316 936 3378 constitutis
949 3316 980 3376 in
995 3316 1111 3378 Gracia
1123 3319 1221 3391 rebus,
1236 3319 1266 3380 iu
1284 3319 1388 3382 Mace·

291 3414 411 3474 doniam
425 3430 571 3483 reverens,
586 3419 674 3492 ‘quse
683 3423 795 3473 tantam
803 3412 873 3474 belli
883 3410 990 3473 molem
1004 3431 1181 3492 aggressura
1195 3414 1389 3476 cavendavel

293 3504 527 3569 administranda
538 3510 660 3580 esseut'
672 3528 741 3568 cum
761 3509 862 3569 amicis
883 3507 1088 3570 deliberabat·
1128 3512 1157 3571 2.
1178 3509 1341 3590 Antipater
1356 3529 1391 3572 ac

291 3602 448 3664 Parmenio
461 3612 550 3662 aetate
568 3615 600 3664 et
611 3604 758 3684 dignitate
773 3605 912 3685 praecipui
936 3605 1169 3677 obtestabantur,
1195 3611 1204 3638 ⁸
1221 3603 1269 3666 Ne
1283 3607 1317 3666 in
1334 3625 1392 3666 uno

293 3717 416 3778 corpore
436 3699 526 3758 totius
550 3699 662 3779 imperii
684 3701 811 3761 salutem
831 3702 957 3762 fortunae
971 3699 1087 3762 insidiis
1109 3713 1297 3780 exponeret:
1321 3705 1393 3782 quin

324 3889 337 3914 ¹¹
352 3881 433 3931 Diod.
443 3881 462 3929 l.
474 3881 492 3930 l.
890 3895 902 3930 a
918 3886 1005 3938 strab.
1016 3898 1079 3938 xrrr.
1089 3900 1115 3950 p.
1125 3891 1183 3938 ⁵8².
1190 3902 1244 3954 sqq.

324 3961 337 3988 ⁰
353 3955 393 4006 1‹t
408 3957 428 4005 l.
447 3956 465 4005 Ι.
482 3955 588 4008 Lucret.
606 3975 632 4010 r.
646 3963 706 4012 att.
724 3959 818 4026 Pomp.
887 3970 900 4012 ⁴¹
913 3959 992 4013 Diod.
1003 3974 1072 4012 xvrr.
1084 3976 1109 4024 p.
1120 3966 1176 4014 lde.

293 4029 366 4082 Mela
376 4045 394 4080 t·
408 4035 447 4080 ta.
889 4045 902 4071 ⁸
917 4035 958 4088 ld.
969 4050 1039 4088 xvrt·
1050 4052 1075 4103 p.
1086 4041 1143 4088 dtu.

326 4111 340 4144 r
355 4104 424 4156 Plio.
438 4105 508 4155 llist.
521 4105 582 4158 Nat.
591 4121 620 4156 rr.
632 4113 672 4159 ll.
