2925 4867
355 421 486 470 suren.
507 421 547 470 nr
573 423 607 483 o.
630 421 806 471 uunrruu
834 423 905 470 nru.
931 422 954 469 ι.
1158 407 1198 471 ur

98 560 225 622 audiun
238 561 333 640 petit:
354 561 565 642 decideratque
587 562 690 631 lilium,
703 561 762 620 nini
786 561 1004 622 claudicantem
1024 583 1064 622 err
1081 563 1202 624 vnlnere

97 657 214 736 pridem
234 671 361 737 accepto
374 678 519 737 gressum,
533 659 578 719 ira
592 659 754 737 sinumque
779 659 1035 739 pmpedivisseut.
1077 665 1107 719 5.
1131 659 1202 720 Pro·

97 753 201 834 lapsus
220 752 326 814 amicis
347 754 446 814 subita
467 773 499 814 re
523 755 666 815 exterritis
685 755 813 833 spatium
835 753 928 827 dedit,
947 765 981 815 ut
1004 755 1150 834 precibus,
1171 767 1202 817 et

97 851 236 934 utrisque
259 849 376 910 medios
398 849 623 931 interponendo,
646 849 850 910 Alexandrum
875 850 1031 930 eriperent.
1081 853 1111 912 6.
1137 851 1201 911 Nec

97 945 223 1006 minoris
236 963 335 1026 operm
356 946 412 1005 luit
429 947 512 1007 illum
527 967 659 1020 exorere,
673 959 707 1006 ut
720 947 820 1007 saltus
832 965 902 1006 esse
916 946 1022 1006 vellet:
1047 947 1201 1026 multiplici

96 1043 205 1120 injuria
218 1042 343 1102 affectus
356 1044 412 1102 sibi
426 1043 597 1113 ridebatur:
616 1056 649 1103 et
661 1061 832 1122 quanquam
847 1045 958 1124 ‘patris
975 1047 1130 1125 regitque’
1146 1065 1200 1106 no—

95 1141 190 1211 mina,
206 1146 400 1218 ‘nutumque
420 1152 452 1199 et
465 1141 597 1219 gentium
612 1139 749 1200 decreta'
771 1139 951 1219 ingerentur,
969 1161 1027 1200 non
1047 1144 1200 1214 abstinuit,

94 1236 169 1314 quin
198 1235 349 1294 insultans
377 1234 515 1316 Philippo
536 1235 655 1314 juberet
681 1235 809 1298 ‘intueri
839 1237 1025 1296 Macedones
1048 1238 1199 1318 egregium

96 1330 324 1390 transmittendi
332 1332 364 1390 iu
375 1332 478 1390 Asiam
489 1331 559 1390 belli
571 1343 734 1403 auctorem,
745 1333 796 1411 qui
810 1351 847 1392 ex
862 1333 940 1394 lecto
953 1334 982 1392 iu
997 1333 1106 1396 lectum
1121 1346 1201 1394 tran-

96 1425 204 1486 ailicue
219 1420 430 1504 procidisset*
463 1430 494 1487 7.
508 1426 583 1489 lude
597 1428 654 1487 eibi
665 1429 810 1506 matrique
821 1429 909 1508 juxta
922 1429 1041 1501 timens,
1056 1431 1084 1488 iu
1101 1431 1201 1508 Epiro,

94 1521 147 1582 cui
168 1523 263 1582 irater
281 1523 466 1604 Olympiadis
489 1534 626 1603 prieerst,
647 1543 712 1583 eam
735 1524 868 1603 reliquitt
891 1525 954 1606 ipse
974 1525 1013 1584 ed
1035 1525 1199 1606 lllyriorum

93 1639 199 1700 regem
211 1621 363 1700 proiectus
372 1631 432 1683 est.
476 1625 504 1681 8.
527 1621 637 1682 Postea
650 1641 768 1701 quoqne
779 1641 846 1682 cum
859 1622 1077 1684 reconciliatore
1091 1624 1200 1684 Denna-

93 1729 162 1777 reto
178 1717 333 1777 Corinthio
345 1717 376 1776 in
390 1717 600 1778 Macedoniarn
624 1717 733 1777 reverti
753 1723 886 1786 essentr·
905 1719 1068 1797 pervicacis
1087 1719 1199 1799 ingenii

92 1813 205 1873 mulier
216 1813 320 1885 tilium,
332 1825 440 1895 suopte
452 1813 574 1893 iugenio
586 1815 727 1894 poterium
747 1815 879 1888 noxium,
897 1815 1019 1876 incitare
1033 1833 1093 1876 uon
1107 1815 1200 1876 desti-

92 1909 154 1977 tit,‘
168 1916 236 1980 (ιι,
258 1928 335 1988 quos
352 1920 466 1990 posset,
477 1911 663 1970 humanitate
677 1923 730 1970 aut
745 1911 874 1990 pecunia
889 1911 917 1969 iu
934 1912 1091 1972 amicitiem
1106 1912 1199 1972 illice·

93 2015 158 2072 ret3
180 2019 212 2065 et
224 2005 368 2065 adversus
381 2006 563 2067 iracundian
577 2008 681 2085 putris,
695 2008 784 2068 etiam
799 2005 943 2068 affinitate
962 2007 1127 2088 potentium
1144 2008 1200 2067 ho·

92 2101 210 2160 minum
224 2121 257 2161 se
276 2102 424 2162 muniret!
461 2105 493 2163 9.
515 2103 594 2164 Saue
607 2105 679 2163 olim
692 2115 848 2164 monuerat
863 2103 1029 2182 Philippus,
1044 2112 1078 2162 ut
1095 2101 1198 2162 edobi-

92 2198 181 2257 litate
208 2198 266 2256 sibi
292 2197 465 2258 conciliaret
490 2199 643 2261 hominurn
664 2199 781 2269 studiat
817 2197 991 2279 largitiones
1014 2207 1198 2278 autemnon

92 2311 313 2373 usquequaque
342 2297 536 2373 probaverat:
567 2297 658 2357 etiem
681 2315 735 2375 per
759 2295 859 2356 literae
896 2294 1039 2374 increpito
1063 2294 1198 2355 instituto

91 2390 186 2469 ejus,⁸
208 2390 308 2469 ‘quod
322 2391 556 2453 benevolentiam
579 2392 702 2454 auderet
725 2409 844 2470 sperare
867 2389 905 2451 eb
918 2390 1097 2463 hominibus,
1121 2407 1197 2469 quos

91 2486 268 2546 muneribus
282 2489 471 2566 corrupisset.
513 2489 588 2549 Falli
611 2489 663 2568 qui
686 2488 797 2567 regium
818 2485 848 2547 id
870 2497 1004 2567 putaret:
1031 2486 1154 2545 ministri
1169 2495 1200 2545 et

91 2583 258 2643 diribitoris
272 2582 402 2644 officinm
414 2583 504 2645 esse!
547 2587 596 2646 to.
618 2585 727 2644 Verum
747 2601 814 2644 cunr
836 2586 901 2662 ipss
921 2581 1077 2660 ‘pecuniee
1099 2581 1199 2640 omnia

91 2678 309 2758 penetrabilia'
317 2679 457 2759 jactaret,
470 2680 585 2760 saque*
596 2681 679 2741 haud
695 2681 795 2740 miuus
818 2699 898 2760 coepe
912 2697 1001 2757 quam
1024 2677 1111 2736 ermis
1132 2685 1198 2736 ute-

92 2789 188 2847 retur,
209 2793 273 2834 non
292 2785 357 2836 tam
376 2788 461 2838 recta
478 2776 671 2859 precipieudi
693 2776 794 2837 stadio
814 2775 857 2836 itu
872 2774 1025 2854 scripsisce
1044 2773 1126 2832 vitus
1139 2781 1199 2845 est,

92 2891 186 2951 qnam
208 2881 302 2942 ructu,
325 2891 364 2933 ue
384 2875 424 2933 ab
446 2872 638 2933 adolescente
651 2872 713 2932 tilio
742 2871 803 2931 suls
830 2869 942 2930 ortibus
964 2877 1196 2949 oppugnaretur.

94 2971 144 3030 ll.
168 2967 255 3027 ldem
275 2968 442 3048 objurgar'n
468 2969 682 3039 Alexandrum,
707 2967 789 3049 qood
811 2965 958 3027 Pexodori
979 2964 1089 3038 filiunt
1107 2981 1208 3044 quera-

92 3068 217 3128 Aridoo
229 3067 434 3127 muniverat
446 3077 540 3146 pater,
560 3067 744 3137 embirisset,
758 3073 767 3102 ⁴
779 3065 966 3142 degenerem,
980 3071 1011 3122 et
1022 3061 1152 3134 lurtum,
1166 3061 1197 3120 in

91 3165 180 3244 cujus
195 3182 279 3243 spem
293 3162 479 3236 educeretur,
491 3162 666 3242 iudignum'
677 3159 871 3241 appellando,
886 3157 958 3237 ‘qui
973 3157 1080 3216 Cnreru
1090 3157 1195 3214 berba-

91 3279 170 3329 rnnr,
185 3260 372 3336 barbaroque
385 3258 448 3337 regi
462 3258 638 3337 subJectum,
654 3275 789 3318 socerum
804 3253 941 3334 optaret!
984 3255 1031 3312 12.
1052 3250 1113 3312 Sed
1131 3249 1197 3328 ipse

92 3367 128 3416 ut
139 3354 308 3435 potentium
322 3371 406 3414 sunm
418 3355 575 3427 firmaret·
588 3353 699 3413 nullum
713 3349 914 3411 conditionem
934 3357 1109 3425 aspernetur
1123 3354 1197 3418 erat,

90 3452 166 3530 quia
181 3469 220 3510 ex
233 3450 395 3530 asperrima
408 3451 542 3510 barbarie
555 3451 672 3530 Illyrias
693 3449 875 3525 Geticasque
894 3443 1032 3503 mulieres
1046 3442 1196 3502 matrimo-

91 3548 145 3608 nio
163 3548 326 3627 jungeret:
356 3563 527 3626 quanquam
551 3565 589 3606 ex
616 3545 683 3604 aliis
706 3545 794 3602 etium
818 3541 958 3601 uxoribus
981 3535 1197 3619 pellicibusque

90 3643 265 3722 complures
277 3641 387 3702 liberor
402 3642 593 3721 suscepisset.
639 3638 882 3709 incenderim
902 3633 1073 3696 Alexandro
1087 3635 1195 3694 moles·

89 3749 158 3800 tum
170 3738 333 3811 accideret,
345 3739 460 3798 urbane
474 3739 692 3799 adolescentem
707 3735 866 3816 corripuitt
888 3732 1034 3804 hortetus,
1052 3737 1108 3790 ‘ut
1120 3729 1195 3788 mul·

124 3959 137 3994 ⁴
152 3956 229 4008 Plot.
241 3957 259 4007 l.
270 3954 430 4019 ldpoplrtlr.
442 3969 465 4006 c.
473 3959 514 4006 ts.
698 3952 710 3986 δ
727 3952 800 4002 Plut.
810 3948 943 4014 Apopnrn.
954 3949 974 3999 l.
984 3948 1003 3998 l.
1016 3943 1150 3997 Demosth.
1161 3941 1194 3992 ds

123 4043 136 4068 ⁴
153 4033 229 4083 Plot.
239 4029 378 4082 ditali.
666 4031 778 4080 Corona.

122 4109 134 4147 ¹
148 4109 226 4160 Plut.
237 4106 372 4172 Apophth.
382 4121 408 4160 c.
416 4113 460 4158 st.
696 4104 703 4138 ¹
719 4105 791 4154 Plnt.
802 4101 880 4152 Alex.
888 4115 916 4164 p.
925 4102 984 4149 ddi).

123 4194 139 4230 Ι
155 4185 254 4236 Cicero
274 4182 353 4235 θῦε.
376 4198 409 4234 rr.
430 4189 472 4236 rt.
488 4190 513 4237 6.
536 4185 625 4236 Valet.
696 4179 861 4230 'Athenaeus
873 4189 912 4240 pr.
928 4175 947 4226 1.
963 4185 1026 4224 xrrr.
1040 4170 1130 4234 steph.
1139 4181 1196 4220 soc.

86 4265 167 4314 Max.
180 4258 438 4314 nummio.
667 4257 747 4308 reris.
764 4255 856 4306 Elian.
868 4254 930 4302 Ver.
943 4251 1142 4301 Hirtxtudd.
