2925 4867
363 373 492 424 suren.
515 375 558 424 ru
582 375 619 436 o.
641 375 818 428 nunrrurr
843 377 915 427 ιιι.
940 380 980 428 ιι.
1151 365 1216 432 129

113 526 195 589 netu,
210 515 385 607 popularem
397 519 506 597 ubique
519 528 631 579 etatum
644 517 904 582 introducerent.’⁰'
919 522 1029 602 quippe
1051 522 1215 584 multitudi-

112 631 179 672 nem
193 613 256 671 ruia
270 613 360 673 rebor
382 614 502 675 studere
519 627 721 696 compererat:
742 618 840 696 obque
858 635 924 678 eam
946 637 1007 678 rem
1031 611 1173 699 tyrannos
1197 638 1216 679 a

112 708 243 768 barbaria
256 709 423 788 impositor,
436 728 488 789 per
501 731 577 791 quoa
599 715 794 774 coiirceretnr.
837 717 887 774 27.
910 713 967 772 Per
987 732 1040 774 eoa
1054 714 1129 787 dier,
1144 715 1214 774 dum

114 803 225 882 Eplrcai
238 817 437 867 commoratur
449 807 631 880 Alexander,
652 820 687 868 ut
704 827 741 869 ex
766 810 945 870 instantibus
968 812 1045 870 curis
1070 823 1215 872 recrearet

112 899 254 970 animum,
277 901 447 980 frequenter
467 904 499 962 in
528 905 677 966 officinam
701 905 813 984 Apellis
838 906 1016 980 ventitavit,'
1037 925 1054 965 a
1076 926 1137 986 quo
1156 927 1216 968 uno

112 995 241 1074 effigiem
263 1015 348 1057 ruam
369 998 508 1078 penicillo
520 1001 642 1080 exprimi
656 1002 794 1062 volebat:
816 1013 899 1062 tanto
914 1003 1013 1064 lavore
1031 1002 1216 1082 complexui,

113 1101 147 1150 ut
161 1091 380 1153 dilectissimam
399 1093 547 1174 pellicum,
561 1115 660 1156 amore
674 1098 738 1176 ejus
758 1096 892 1178 deperire
913 1100 1045 1159 sentient
1064 1099 1215 1172 artificem,

114 1186 197 1246 dono
210 1185 335 1248 dederit.
376 1193 426 1250 28.
450 1191 600 1252 Pancaeta
613 1196 786 1264 vocabatur,
812 1213 849 1254 err
872 1194 989 1254 Larissa
1011 1195 1100 1255 nobili
1122 1195 1215 1256 Thea·

3 1295 12 1315 ¹
112 1282 199 1343 talin
212 1285 284 1344 urbe
296 1303 391 1363 genus
406 1285 541 1347 ducena:
562 1290 740 1368 amabntque
753 1309 818 1350 eam
833 1309 885 1350 rex
899 1290 1014 1351 ardenti
1033 1289 1152 1362 affectu,
1177 1292 1215 1352 ob

112 1379 217 1439 lormae
230 1380 495 1458 pulchritudinem
522 1395 553 1444 et
574 1385 715 1464 quoniam
740 1385 922 1446 adolescenti
946 1389 1040 1466 prima
1062 1387 1216 1446 mulierum

112 1475 154 1536 ad
169 1475 319 1536 libidinem
332 1477 498 1556 placuerat.
538 1480 588 1538 29.
611 1479 678 1540 Hoc
702 1490 737 1540 ut
758 1481 1029 1559 magnanimitatem
1055 1480 1216 1542 Alexandri

112 1590 176 1632 non
191 1571 328 1646 dedecet,
347 1575 389 1635 ita
410 1593 471 1634 non
492 1573 678 1647 crediderim,
700 1575 750 1634 ‘in
765 1575 885 1636 officina
900 1577 1032 1655 imperite
1047 1577 1140 1636 multa
1154 1575 1215 1636 dir-

113 1677 260 1730 rerentem
279 1670 317 1728 ab
330 1669 436 1749 Apelle
450 1671 582 1732 mordaci
603 1671 726 1734 dicterio
747 1691 914 1752 repressum
929 1672 1047 1733 luiraer'
1062 1677 1075 1704 ⁸
1096 1691 1164 1732 nam
1185 1671 1215 1730 id

113 1783 215 1842 neque
228 1764 375 1843 majestati
389 1767 465 1827 tanti
479 1767 569 1846 regin,
590 1787 687 1848 neque
699 1767 855 1828 modestiae
869 1767 1001 1848 pictoria,
1014 1768 1142 1828 hominia
1156 1787 1215 1828 non

114 1859 229 1938 stupidi
249 1879 305 1922 nec
328 1860 451 1936 indocti,
473 1865 681 1924 conuenisset:
701 1873 733 1924 et
747 1863 914 1925 Alexander
927 1865 1097 1926 liberalibus
1112 1863 1217 1924 studiis

113 1957 155 2016 ab
169 1967 301 2017 extrema
311 1968 401 2018 oetate
411 1959 550 2032 imbutus,
561 1959 651 2019 etiarn
662 1957 700 2020 de
709 1960 822 2020 artibus
833 1977 908 2038 quaa
919 1977 979 2018 non
993 1959 1125 2030 calleret,
1135 1958 1216 2018 baud

112 2053 359 2132 ineptejudicare
373 2054 528 2117 didicerat.
571 2057 621 2114 30.
643 2053 721 2114 lllud
744 2055 864 2134 propiur
894 2073 963 2114 vero
984 2065 1041 2126 ert,
1065 2054 1145 2134 quod
1167 2053 1216 2114 alii

112 2147 312 2222 tradiderunt,
338 2151 508 2230 ‘quendam
539 2149 577 2210 ex
607 2149 746 2230 Ephesiae
771 2149 878 2209 Dianae
902 2149 1115 2220 cacerdotibus,
1140 2170 1216 2229 quor

114 2245 300 2324 Megabyron
327 2245 469 2325 appellari
493 2265 559 2307 mor
589 2257 663 2317 erat,
688 2245 897 2325 reprehensum
908 2247 927 2305 :’
958 2265 1025 2306 cum
1048 2245 1168 2326 quidem
1189 2248 1216 2306 ei

114 2339 230 2401 diceret
244 2341 387 2420 Apellcr,¹
408 2341 525 2420 ‘quoad
539 2339 670 2412 tacuisti,
684 2359 788 2402 aurum
802 2341 860 2402 linc
874 2350 963 2420 atque
977 2359 1108 2422 purpura
1130 2360 1217 2402 uene·

112 2435 238 2496 rabilem
261 2447 292 2498 te
306 2438 457 2498 iacebant
472 2438 634 2517 imperium
657 2446 689 2498 at
702 2456 782 2498 nunc
793 2436 831 2497 de
846 2437 933 2498 rebus
944 2456 1020 2516 quar
1035 2456 1094 2496 non
1109 2439 1217 2497 intelli·

113 2535 163 2613 gia
182 2534 372 2615 incipientem
392 2535 473 2614 loqui
487 2535 576 2597 etiam
591 2534 673 2614 pueri
695 2534 792 2594 rident
806 2535 857 2614 qui
873 2534 988 2595 coloreo
1004 2533 1123 2595 terunt!
1166 2537 1215 2596 31.

114 2629 151 2688 Ιιι
174 2650 212 2690 ea
238 2633 312 2690 urbe
335 2630 426 2710 longe
449 2631 667 2694 celeberrimam
688 2629 797 2703 oedem,
820 2641 965 2710 utsupra
989 2630 1113 2689 relatum
1139 2630 1215 2702 est,'

116 2719 310 2788 Heroatratu'r
333 2726 515 2788 incenderat.
558 2726 603 2788 Ee
624 2737 686 2788 tum
702 2747 818 2787 summa
833 2727 1025 2807 Ephesiorum
1039 2745 1111 2786 cura
1125 2725 1216 2786 maxi-

115 2825 234 2901 mirque
261 2823 401 2902 impensio
429 2824 670 2883 instaurabatur.¹
710 2825 759 2883 32.
792 2822 924 2889 Quorum
949 2819 1056 2881 rtudiia
1075 2821 1217 2899 juvandis

114 2919 288 2980 Alexander
301 2928 310 2953 ‘
321 2919 439 2991 tributa,
453 2939 521 2998 quae
536 2917 635 2978 Persia
647 2918 718 2979 dare
732 2921 973 2991 connumerant:
988 2918 1094 2978 Dianae
1108 2918 1217 2997 pendi'

109 3016 223 3096 jurarit:
245 3014 487 3093 confirmauitque
503 3013 553 3091 jus
568 3013 654 3093 anyli,
675 3013 757 3091 quod
780 3015 942 3091 antiquitus
966 3013 1055 3073 etiarn
1081 3015 1215 3075 liberum

114 3125 231 3194 patrem
247 3111 465 3189 Herculemque
476 3110 640 3172 servavisse
650 3117 830 3190 cognoverat
841 3108 872 3175 tl
891 3108 992 3168 addito
1006 3109 1095 3169 etiarn
1110 3111 1216 3188 spatio,

115 3219 150 3269 ut
162 3227 400 3289 quaquaversum
415 3208 446 3267 in
461 3207 550 3268 uninr
564 3206 652 3266 rtadii
665 3204 889 3285 amplitudinem
908 3198 1124 3266 extenderetur.
1167 3207 1217 3266 33.

117 3306 231 3368 Porrea
253 3323 382 3384 qnoque,
404 3323 471 3364 curn
497 3305 600 3363 Arriam
624 3313 828 3383 perpacaanet,
852 3299 972 3379 rcriprit
994 3299 1142 3378 Ephesiia,
1163 3305 1217 3360 ‘se

118 3421 221 3463 ornnes
235 3411 364 3473 tumtur,
376 3399 428 3478 qui
441 3399 471 3459 in
486 3398 517 3459 id
530 3399 687 3460 aedilicium
700 3397 771 3458 iacti
786 3406 899 3468 errent,
913 3397 1112 3455 restituturum
1128 3415 1136 3461 ;
1151 3397 1218 3475 qui·

119 3517 176 3577 que
188 3513 278 3578 porro
290 3496 516 3574 requirerentur,
529 3494 720 3575 praebiturum
736 3493 774 3554 de
789 3512 863 3553 auo:
885 3493 927 3552 ita
949 3501 1047 3552 tamen
1068 3501 1102 3551 ut
1123 3492 1216 3570 ipaiur

119 3611 227 3654 nomen
242 3592 406 3654 instaurato
420 3593 501 3672 operi
514 3592 721 3652 inscriberetur
729 3590 769 3650 a,
809 3593 858 3650 34.
881 3589 970 3668 idque
985 3587 1134 3668 deprecati
1148 3599 1217 3648 sunt

122 3687 260 3770 Epherii:
274 3707 335 3768 quo
347 3699 491 3769 ternpore,
502 3687 751 3771 quiaAlerandro
762 3687 874 3768 petenti
884 3685 996 3766 aliquid
1011 3686 1157 3763 denegare
1170 3701 1217 3744 ar·

155 3929 167 3954 ¹
183 3918 224 3970 id.
236 3920 255 3970 l.
267 3920 286 3969 l.
721 3926 731 3952 ¹
746 3913 835 3966 Strab.
848 3927 907 3966 xrv.
918 3929 945 3978 p.
957 3917 1015 3963 olo.

156 4003 168 4030 '
183 3996 253 4047 Plln.
265 3996 334 4046 Hirr.
345 3996 409 4046 Nat.
420 4008 509 4049 xxxv.
521 4000 561 4048 1⁰.
570 4001 611 4047 86.
722 4002 735 4028 ⁸
751 3993 853 4044 Arrian.
865 4005 884 4042 r.
894 3993 933 4043 18.

156 4079 170 4103 ¹
185 4073 277 4122 AElian.
289 4075 306 4120 Ι.
317 4073 335 4122 l.
346 4084 377 4123 rr.
386 4076 410 4124 Ι.
721 4069 734 4103 ⁵
751 4067 838 4118 Tacit.
849 4066 943 4118 Annnl.
952 4078 995 4114 ιιι.
1007 4067 1048 4115 nl.
1059 4062 1104 4114 fin.

158 4147 224 4196 ild,
237 4152 304 4198 rat.
721 4150 734 4177 ⁶
749 4143 834 4196 Strab-
847 4145 864 4194 l.
876 4144 891 4195 Ι.
920 4143 1096 4193 Pariorum.

159 4223 173 4248 ⁰
187 4223 248 4273 vid.
258 4238 329 4289 rupr.
340 4239 360 4275 ι.
371 4227 396 4274 l.
406 4227 447 4275 At.

190 4303 311 4368 napaei
324 4303 457 4356 Vmcnc
613 4301 645 4357 Q·
657 4301 726 4351 Cart.
1141 4297 1155 4346 1
