2925 4867
266 350 309 413 52
533 366 686 417 rumora
711 368 761 415 ns
784 318 928 428 obruro
951 365 1103 419 coarto.
1140 394 1143 399 -

407 598 560 666 Valentis
575 599 722 665 Acidalii
738 598 894 664 Animad.
912 599 957 663 ad
972 598 1080 665 Curtii
1092 601 1151 665 lib.
1168 615 1218 663 ιν.

310 749 362 813 De
380 747 494 815 Curtio
516 750 615 814 miror
638 769 732 833 serpe
754 768 987 832 nonnunquam
1011 757 1047 815 et
1072 750 1236 833 indignor,
1261 747 1355 812 doleo

268 848 400 932 quidem
415 869 556 933 semper,
571 856 720 915 nontam
739 850 832 933 quod
855 851 898 915 ad
921 870 1039 917 manus
1063 860 1197 917 nostras
1212 849 1357 933 pervenit

267 957 436 1034 corruptus
452 952 502 1015 sic
525 958 560 1015 et
574 954 740 1033 vitiosus3
763 952 837 1019 haec
862 954 950 1017 enim
978 971 1058 1017 sane
1084 972 1159 1017 curn
1186 950 1357 1025 omnibus;

266 1071 326 1116 uec
342 1052 433 1136 quod
448 1060 517 1117 tem
532 1054 649 1119 multis
662 1053 749 1119 locis
763 1055 897 1119 mutilus
920 1073 961 1119 ac
983 1054 1085 1130 lacer,
1110 1052 1185 1119 brec
1199 1070 1275 1117 cnm
1290 1050 1356 1132 ple-

265 1154 397 1236 risque:
421 1173 481 1221 nec
505 1156 592 1239 quod
614 1157 752 1239 integris
774 1156 869 1221 libris
895 1164 930 1219 et
954 1156 1041 1241 ipsis
1056 1155 1144 1219 adeo
1160 1154 1275 1238 primis
1296 1170 1356 1215 ceu

266 1256 376 1338 capite
390 1262 584 1336 truncatus3
607 1256 682 1321 hec
705 1276 841 1341 quoque
863 1276 941 1321 cum
962 1255 1078 1321 multis
1091 1253 1278 1319 communis
1296 1251 1357 1335 ipsi

264 1356 418 1423 fortuna:
442 1377 542 1443 quam
566 1360 659 1442 quod
682 1377 744 1423 nec
769 1364 873 1422 ortum
895 1358 967 1441 ejus
988 1357 1192 1430 satiscerto,
1206 1372 1266 1419 nec
1281 1361 1358 1417 aeta·

267 1464 418 1542 temque
434 1460 623 1537 vixerit,ac
639 1458 823 1542 scripserit,
846 1460 971 1523 scimus
993 1456 1062 1521 ullo
1084 1456 1201 1521 modo:
1223 1474 1301 1537 quae
1313 1452 1359 1516 illi

265 1564 378 1643 tamen
400 1561 479 1645 ipsa
501 1582 578 1626 sors
599 1581 666 1626 uon
688 1562 790 1625 etiam
817 1562 951 1625 omnino
970 1560 1020 1624 sic
1042 1558 1238 1643 peculiaris,
1252 1560 1289 1620 ut
1304 1573 1359 1638 pa·

266 1678 334 1725 rem
357 1664 552 1747 sociumque
574 1662 698 1729 habeat
723 1663 909 1727 neminem:
931 1660 990 1727 illa
1012 1668 1121 1725 nutem
1141 1662 1200 1723 vix
1226 1657 1360 1722 omniuo

266 1779 460 1846 quenquam
476 1764 758 1831 calamitasextro
772 1761 924 1828 Curtium
946 1760 1078 1839 afflixit,
1100 1767 1136 1824 ut
1162 1759 1360 1850 reliquorum

267 1866 468 1949 scriptorum
483 1885 580 1931 nemo
595 1865 800 1930 mentionem
817 1864 890 1947 ejus
911 1884 1065 1948 usquam,
1091 1862 1145 1927 rel
1160 1880 1229 1927 uno
1244 1863 1359 1935 verbo,

267 1973 388 2032 certum
411 1966 489 2032 dico
515 1966 717 2033 mentionem
743 1972 779 2029 et
802 1964 1041 2043 indubitatam,
1063 1965 1179 2041 iaciat,
1194 1962 1238 2027 ad
1260 1982 1361 2027 uuum

266 2070 418 2133 omnibus
449 2070 652 2148 tacentibus,
684 2065 783 2151 quasi
809 2064 851 2129 de
880 2073 1058 2152 compacto
1089 2072 1125 2131 ut
1152 2065 1362 2148 conspirasse

266 2170 440 2237 videantur
464 2171 508 2235 ad
533 2168 808 2255 supprimendum
835 2166 979 2231 bominis
1009 2186 1141 2243 nomen,
1167 2165 1211 2230 ad
1240 2166 1362 2231 temam

267 2288 404 2355 prorsus
429 2272 694 2357 opprimendam.
739 2271 781 2335 Iu
806 2269 872 2334 hoc
902 2270 978 2353 quis
1003 2288 1068 2333 non
1094 2268 1264 2333 indoleatl
1287 2269 1363 2350 quis

264 2389 331 2435 non
346 2373 481 2437 miretur
496 2382 529 2437 et
544 2372 756 2455 indignaturi

400 2572 453 2636 Ex
468 2572 572 2638 Ericii
591 2572 727 2639 Puteani
742 2573 777 2637 in
792 2570 837 2651 Q.
852 2565 1002 2638 Curtium
1020 2572 1233 2638 Praefatione.

308 2722 404 2786 Illam
435 2731 545 2788 tamen
576 2722 778 2802 Historiam,
806 2724 887 2807 quia
916 2723 1116 2793 Sallustium
1135 2723 1364 2806 Tacitumque

267 2842 373 2907 nuper
387 2825 547 2909 explicui,
561 2825 597 2890 in
613 2825 729 2891 Curtio
752 2845 838 2892 nunc
854 2846 987 2910 quoque
1001 2825 1168 2909 experiar,
1184 2825 1282 2906 digno
1293 2844 1365 2888 me·

268 2924 404 2989 hercule
420 2927 553 2991 auribus
568 2928 715 2992 omnium
738 2940 771 2993 et
793 2929 901 2994 oculis
924 2929 1115 3010 Scriptore;
1139 2928 1198 3011 qui
1214 2926 1368 2991 aulacili

267 3028 506 3093 sententiarum
528 3030 677 3093 acumine
699 3030 830 3094 erudiat
855 3030 1004 3107 suavius,
1024 3048 1066 3093 sn
1088 3028 1225 3092 mollitis
1239 3026 1369 3109 eloquii

266 3129 433 3194 illecebris
459 3130 599 3195 delectet
620 3132 746 3206 utilius,
769 3131 846 3214 jure
870 3131 1015 3196 dubites.
1069 3132 1140 3196 Suo
1155 3137 1191 3193 et
1204 3127 1300 3193 illius
1317 3129 1369 3192 in-

266 3231 365 3313 genio
381 3232 491 3295 bouus
512 3237 563 3296 est
584 3251 682 3315 quem
706 3233 898 3316 descripsit,
918 3238 951 3296 et
972 3250 1127 3314 magnum
1142 3230 1261 3295 iterum
1283 3230 1369 3298 lecit

265 3350 363 3415 quem
387 3332 543 3397 celebrat.
588 3330 731 3395 Prorsus
755 3332 941 3397 Alexandri
962 3333 1083 3397 samam
1110 3331 1242 3397 Curtius
1264 3332 1370 3395 susti·

264 3437 340 3496 net:
364 3432 524 3515 quicquid
539 3443 664 3510 narret,
679 3432 760 3515 quia
773 3438 851 3516 post
866 3433 966 3512 alios,
979 3434 1159 3500 stabiliritr
1181 3440 1219 3497 ut
1240 3432 1370 3497 ceteris

256 3528 463 3611 crederetur,
493 3532 701 3611 Callistheni,
731 3533 937 3611 Aristobulo,
965 3534 1163 3611 Ptolemaeo,
1191 3552 1278 3598 unus
1302 3534 1368 3599 ille

266 3633 363 3699 lecit:
387 3641 421 3698 et
444 3632 543 3697 fidem
566 3633 680 3701 Grssci
702 3636 911 3715 invenerunt,
940 3637 1022 3720 quia
1042 3636 1130 3701 idem
1153 3634 1242 3719 stylo
1266 3654 1372 3718 argu·

265 3747 414 3802 mentum
431 3736 571 3800 Latinus
584 3738 743 3806 absolvit.
789 3737 837 3803 Ut
852 3739 991 3803 liberius
1013 3736 1138 3821 aliquid
1154 3736 1278 3813 dicam,
1296 3744 1372 3802 tam

266 3838 399 3921 elegans
424 3837 634 3921 prudensque
661 3840 804 3923 scriptor
827 3838 973 3905 mendax
997 3856 1075 3903 esse
1097 3856 1165 3903 non
1186 3839 1310 3921 potuit,
1334 3846 1375 3903 et

261 3938 334 4023 jam
356 3938 520 4002 credimus
542 3939 700 4022 quicquid
716 3940 880 4005 Arrianus
905 3940 1063 4018 tradidit;
1090 3938 1239 4003 Curtium
1266 3958 1374 4005 secu·

267 4050 322 4104 tus
336 4047 399 4102 est.
445 4038 553 4106 Immo
575 4040 745 4105 credimus
758 4039 954 4106 Alexandro
975 4040 1058 4105 nibil
1081 4038 1214 4105 difficile
1237 4040 1373 4121 luisse3

266 4140 339 4205 lieri
355 4159 453 4223 posse
468 4139 604 4207 Curtius
619 4145 758 4221 censuit,
774 4150 807 4209 et
819 4141 862 4208 ad
879 4150 1031 4226 posteros
1046 4142 1244 4208 transmisit.
