2925 4867
360 404 399 459 ru
425 406 602 473 qururuu
627 404 802 459 cunrruu
829 410 972 478 qurum.
1173 393 1217 458 43

114 552 183 616 tale
203 548 419 618 infortunium
436 554 612 633 accidisse,
635 554 932 637 persuasissimum
955 550 1036 617 mibi
1056 558 1120 629 est,
1140 568 1217 615 cum

113 653 206 729 vitia,
226 670 307 737 qnae
331 656 365 717 in
389 654 505 721 Curtio
527 654 736 737 reprehendit
758 654 920 734 Clericus,
943 654 1033 737 apud
1056 654 1215 735 optimum

114 770 279 836 quemque
305 756 501 837 scriptorem
525 755 680 837 reperire,
703 754 787 819 nihil
812 757 856 820 sit
880 756 1017 837 negotii.
1063 753 1216 818 Ceterum

114 854 309 920 defensione
331 855 438 921 Curtii
466 864 580 921 contra
605 857 744 921 istorum
771 858 1021 942 objurgationes
1048 854 1216 920 hocloco

113 956 213 1023 facile
229 958 447 1039 supersedere
463 977 614 1041 possum,
624 974 711 1036 cum,
723 967 886 1042 quantum
900 959 1046 1023 habeant
1061 956 1217 1041 iniquita·

114 1058 170 1134 tis,
192 1060 280 1123 satis
301 1059 345 1121 sit
365 1056 626 1123 demonstratum
647 1059 763 1126 aJac.
785 1059 963 1123 Perizonio
982 1062 1015 1122 in
1040 1058 1085 1139 Q.
1101 1056 1217 1121 Curtio

114 1158 207 1223 Ruso
222 1158 418 1236 Vindicate,
433 1180 562 1225 necnon
589 1180 611 1224 a
630 1160 652 1224 J
655 1181 686 1224 ο.
702 1161 724 1225 J
727 1180 777 1225 ac.
792 1159 943 1224 Sertorio
959 1160 993 1222 in
1011 1158 1218 1223 Prolusinni·

113 1258 176 1323 bus
192 1256 338 1336 duabus,
355 1260 478 1343 quibus
493 1260 537 1339 Q.
553 1260 691 1326 Curtius
707 1260 820 1325 Rufus
836 1282 859 1326 a
880 1261 1088 1344 quorundam
1106 1278 1217 1342 repre

113 1358 282 1425 hensione
295 1380 363 1424 nou
376 1359 459 1425 nihil
475 1360 669 1439 defenditur,
693 1371 727 1428 et
747 1382 826 1445 qnae
846 1363 882 1426 iu
897 1363 1006 1427 lucem
1024 1362 1217 1447 prodierunt

114 1462 273 1543 Erlangae
299 1462 396 1527 1774.
441 1460 582 1527 Minime
607 1482 685 1527 vern
709 1461 857 1527 alienum
879 1465 923 1528 ab
945 1463 1110 1529 institutis
1130 1464 1217 1525 meis

112 1571 209 1645 puto,
226 1562 374 1628 conferre
388 1562 538 1629 Curtium
554 1563 711 1641 Arriano,
733 1572 770 1628 et
787 1584 949 1648 quaerere,
969 1566 1094 1648 quibus
1111 1565 1217 1629 ratio·

112 1666 213 1729 uibus
230 1665 286 1731 iric
302 1665 351 1729 illi
366 1664 412 1729 sit
426 1664 680 1749 praeferendnsi
719 1665 916 1747 Negaudnm
928 1666 1062 1749 quidem
1072 1684 1141 1732 non
1153 1673 1217 1743 est,

112 1763 310 1843 Arrianum,
326 1766 384 1851 qui
408 1768 481 1851 ipse
504 1766 653 1850 egregius
676 1767 819 1833 militum
835 1766 918 1845 dux,
933 1775 968 1832 et
982 1766 1216 1852 cappadocie

112 1870 298 1951 preelectus
315 1873 428 1933 contm
443 1867 574 1933 Alanos
595 1876 631 1934 et
650 1867 867 1953 Massagetas
888 1870 1012 1935 bellurn
1031 1869 1141 1946 duxit,
1160 1887 1217 1933 ea·

112 1970 187 2035 dem
219 1972 261 2035 de
286 1991 390 2037 cause
413 1973 661 2037 instructiorem
684 1972 796 2037 modis
822 1972 936 2035 multis
959 1973 1147 2037 accessisse
1172 1971 1216 2034 ad

112 2072 372 2138 describendam
389 2074 640 2157 expeditionem
659 2071 936 2150 Alexandrinam,
952 2092 1053 2157 qnam
1071 2071 1217 2148 Curtius,

110 2176 160 2240 rei
176 2176 324 2252 bellicae,
338 2177 394 2241 uti
404 2176 547 2253 videtur,
565 2176 667 2259 plane
692 2173 797 2239 rudis.
841 2173 966 2238 Verum
981 2172 1069 2237 enim
1084 2191 1171 2247 uero,
1187 2174 1218 2237 si

111 2276 168 2360 qui
184 2276 305 2341 Curtio
321 2296 452 2341 omnem
471 2274 572 2343 fidem
586 2278 744 2360 derogant
757 2281 790 2341 et
805 2276 977 2341 veritatem
992 2275 1091 2339 unice
1105 2276 1138 2339 in
1155 2273 1217 2338 Ar·

111 2380 209 2443 riano
226 2379 368 2444 inveniri
383 2386 514 2462 putant,
542 2378 669 2462 quippe
690 2378 749 2461 qui
769 2377 947 2442 Ptolemaei
969 2383 1070 2460 atque
1089 2373 1218 2441 Aristo·

111 2482 184 2547 buli
201 2480 400 2545 auctoritate
420 2482 602 2545 narraverit
615 2481 738 2557 omnia,
759 2479 951 2545 inconsulte
964 2498 1006 2543 ac
1020 2488 1142 2543 temore
1160 2479 1217 2563 ju·

111 2582 238 2658 dicant,
268 2591 303 2647 et
330 2602 450 2648 vereor
478 2584 596 2649 merito
624 2588 661 2649 ut
689 2583 775 2646 satis
802 2589 978 2665 utrumqne
1002 2580 1218 2663 inspexerint.

113 2684 206 2749 Nam
219 2686 313 2751 'licet
331 2686 449 2751 borum
468 2686 672 2764 testimonia,
694 2705 773 2769 qum
795 2684 1000 2769 ponderibus
1022 2685 1093 2747 suis
1115 2701 1219 2766 supra

108 2787 252 2871 jamjam
270 2787 547 2863 examinavimus,
566 2788 693 2871 ubique
707 2804 778 2870 praa
795 2805 834 2850 se
849 2785 936 2848 ferat
948 2783 1126 2861 Arrianus,
1141 2785 1219 2867 ipse

112 2898 227 2956 tamen
256 2890 289 2954 iu
314 2888 518 2955 Praelatione
539 2890 670 2967 fatetur,
695 2908 734 2953 se
756 2908 865 2971 neque
887 2887 976 2952 alins
1001 2888 1219 2951 contemsisse

4 3010 5 3015 ’
112 3012 179 3059 nec
195 2992 322 3055 sauram
339 3010 456 3057 vanam
472 2990 653 3076 respuisse.
691 2987 782 3053 Ἐστι
796 2986 923 3054 iloixal
937 2987 1006 3077 πρὸς
1028 2985 1128 3051 ἄλλων
1147 2988 1220 3073 ξυγ-

113 3092 322 3181 γηραμμένα,
346 3090 387 3155 ὅτι
409 3093 458 3155 καὶ
477 3094 555 3159 au’rd
576 3091 767 3178 ἀξιαφήγητά
780 3090 812 3155 rr'
834 3115 884 3172 μοι
898 3088 1004 3168 ἔδοξαν,
1020 3091 1070 3153 xal
1086 3090 1117 3153 orl
1131 3085 1219 3165 sena

115 3200 243 3273 ἄπιστα,
258 3197 297 3269 ὥς
308 3192 450 3280 hylperici
468 3194 550 3279 μόνον
565 3197 635 3285 orig
649 3192 847 3280 Ἀλεξάνδρου,
862 3190 1040 3279 alippa-bas
1084 3192 1220 3271 Quibus

114 3308 228 3363 autem
250 3298 374 3362 ductus
396 3298 442 3363 sit
462 3296 645 3364 rationibus
667 3299 700 3361 in
724 3295 888 3377 eligendis
917 3292 1084 3377 ejusmodi
1105 3294 1219 3370 rebus,-

112 3401 190 3483 ipse
216 3418 283 3463 nou
303 3399 462 3477 occultat,
477 3418 585 3483 neque
606 3398 668 3463 hoc
690 3399 769 3481 ipso
791 3397 881 3473 loco,
909 3414 1021 3479 neque
1045 3411 1084 3457 rr.
1100 3395 1218 3461 1212.

113 3502 173 3568 ubi
197 3499 390 3565 Alexandri
410 3518 489 3582 erga
509 3507 649 3566 matrem
669 3498 766 3565 Darii
784 3498 976 3562 comitatem
997 3494 1173 3574 describit,
1186 3502 1221 3561 et

114 3602 297 3689 postmodo
308 3600 417 3667 addit:
431 3601 489 3664 Kal
498 3606 593 3665 raris-a
602 3604 659 3687 ’tyri
668 3599 723 3664 οὔθ’
734 3601 772 3673 ὥς
781 3599 881 3677 ἀληθῆ,
888 3599 951 3661 οὔτι
962 3598 998 3672 ὥς
1007 3594 1097 3670 κάκη
1108 3598 1221 3661 ἄπιστα

117 3704 284 3791 ἇνέγραψα.
327 3703 411 3765 Ἀλλ’
427 3698 481 3767 rin
505 3699 591 3778 οὕτως
608 3701 749 3787 ἐπράχθη,
770 3703 871 3764 ἐπαινῶ
892 3697 1074 3786 Ἀλέξανδρον
1085 3704 1134 3775 τῆς
1149 3724 1180 3762 rr
1195 3701 1222 3772 ta

121 3814 175 3883 τὰς
187 3807 329 3893 γυναῖκας
340 3803 552 3883 narorurlurus,
568 3807 617 3869 nal
631 3809 680 3883 τῆς
693 3808 732 3878 εἰς
745 3803 792 3867 nir
807 3808 915 3890 lraipou
928 3801 1048 3877 πίστεως
1064 3803 1113 3865 καὶ
1127 3807 1219 3883 τιμῆς·

120 3908 176 3973 rire
187 3908 299 3983 πιθανὸς
308 3909 444 3983 δοκεῖτοῖς
451 3906 660 3994 Ευγγράψασιν
666 3905 858 3993 Ἀλέξανδρος,
866 3908 903 3981 ὥς
912 3906 961 3969 καὶ
968 3910 1063 3967 ταῦτα
1070 3899 1108 3966 ab
1113 3902 1223 3989 πράξας

121 4012 169 4074 ael
186 4008 279 4086 sireis,
294 4012 345 4074 ael
360 4011 404 4075 irrl
419 4012 489 4096 τῷδε
504 4007 810 4099 ἓταινὸῃζᾼλέξανδρον.
831 4008 889 4073 sic
903 4015 938 4072 el
950 4003 1222 4071 Arriunuenimla

117 4114 216 4181 valde
231 4112 326 4179 favet
340 4111 548 4191 Alexandro,
571 4120 605 4178 et
625 4112 727 4176 nimis
750 4130 846 4194 saepe
864 4110 958 4175 illins
970 4106 1098 4191 'gloriae
1119 4108 1223 4172 servit

523 4340 535 4375 Ι
553 4332 655 4383 Arrlsn.
673 4328 783 4381 Pralat.
798 4333 823 4379 ⁴.
927 4378 930 4386 ‚
