2925 4867
283 339 349 404 111
674 355 703 404 1.
730 353 984 404 1111111111

276 496 363 577 hujus
378 495 549 570 Alexandri,
561 498 638 558 inter
652 507 784 578 paterna
798 501 878 560 necis
901 498 1038 560 conscios
1052 495 1195 578 supplicio
1216 493 1364 556 affecisset.

277 594 308 652 9.
331 593 369 652 Et
382 611 551 674 quanquam
564 594 629 673 ipse
647 615 736 674 poena
757 605 901 666 exemtus,
915 595 1073 674 multisque
1095 603 1199 675 postea
1214 593 1363 652 bonoribus

277 701 409 764 ornatus,
424 708 483 749 non
496 689 621 770 simplex
633 691 808 752 beneficium
822 693 885 770 regi
900 689 1031 760 deberet,
1053 690 1142 748 insita
1156 688 1255 748 animo
1266 689 1364 747 ferocia

277 797 308 844 et
320 784 491 846 dominandi
516 785 655 866 cupidine
674 786 747 844 nihil
766 787 849 846 nefas
875 787 1008 866 putabat,
1023 805 1075 864 per
1099 783 1178 866 quod
1193 782 1231 843 ad
1252 802 1364 864 regnum

278 882 325 940 111
340 893 526 942 sterneretur.
571 883 617 942 10.
639 879 1078 953 111111111111111111111111,“
1094 878 1264 941 facilitatem
1278 877 1365 959 regis’

278 978 443 1056 arguebant
466 976 584 1049 amici,‘
599 976 680 1055 quod
703 977 851 1038 homiuem
874 979 903 1037 in
926 977 1083 1038 manifesto
1104 976 1249 1036 maleficio
1270 975 1365 1055 111111-
1441 983 1442 986 ’

277 1073 402 1133 hensum
417 1091 477 1132 non
493 1071 584 1134 morlo
605 1073 709 1152 punire
722 1093 781 1136 nors
798 1075 999 1147 sustinuisset,
1020 1091 1119 1133 serum
1136 1072 1224 1132 etism
1248 1072 1365 1152 praemiis

278 1182 309 1230 et
322 1169 483 1230 honoribus
499 1181 618 1231 auctum
632 1169 753 1249 optimae
764 1171 913 1248 equitatus
931 1168 1006 1248 parti
1020 1168 1240 1247 praeposuisset.
1281 1167 1367 1235 Quem

278 1264 419 1344 deinceps
434 1265 461 1325 ei
476 1265 566 1326 fidum
590 1265 731 1338 futurum,
745 1265 769 1324 si
792 1275 897 1345 prester
919 1265 1123 1345 impunitatem
1148 1263 1265 1344 propior
1280 1263 1369 1322 amici·

278 1363 328 1421 tier
351 1360 472 1440 gradus,
487 1361 621 1422 maximae
644 1360 816 1439 dignitates,
830 1360 1000 1422 honorilice
1022 1360 1217 1440 praelectum,
1232 1356 1367 1438 parricidii

227 1535 231 1540 p
278 1475 392 1518 merces
420 1457 542 1518 essent?
586 1459 631 1518 ll.
663 1457 756 1536 lgitur
784 1467 897 1518 mature
925 1456 1154 1528 emendandum,
1181 1455 1262 1536 quod
1289 1455 1370 1514 nimis

279 1556 402 1617 lenitate
428 1570 583 1636 peccatum
611 1566 711 1615 esset:
747 1555 919 1636 priusquam
944 1554 1005 1628 ille,
1033 1553 1190 1616 consilium
1223 1570 1369 1613 emanasse

279 1651 421 1725 sentiens,
434 1651 643 1721 Thessalorum
656 1649 781 1711 mobiles
798 1651 911 1712 animos
931 1650 969 1712 ad
984 1670 1032 1712 res
1046 1649 1200 1711 novandas
1216 1648 1371 1709 induceret.

281 1749 349 1808 Non
377 1747 624 1808 contemnendum
650 1765 718 1808 esse
747 1748 919 1826 periculum,
943 1767 1003 1827 quo
1031 1747 1125 1827 majus
1155 1766 1193 1806 ne
1219 1743 1371 1824 excogitari

280 1843 400 1924 quidem
415 1843 528 1922 possit:
549 1861 646 1922 neque
669 1842 838 1924 spernenda
852 1843 983 1906 Deorum
1007 1853 1136 1914 ostenta,
1152 1841 1203 1922 qui
1227 1839 1372 1921 regende

280 1939 420 2002 carendis
435 1937 551 2000 insidiis
572 1939 724 2000 evidenter
746 1939 952 2002 monuissent.'
996 1943 1043 2000 12.
1067 1941 1168 2019 Nuper
1186 1931 1288 2010 enim,‘
1309 1936 1372 1995 dun

280 2038 524 2098 Halicarnassum
538 2035 690 2109 obsidens,
704 2045 774 2116 post
787 2036 902 2115 longos·
915 2055 1099 2116 magnosque
1112 2034 1229 2095 labores
1243 2031 1374 2092 meridia·

279 2134 359 2193 tione
372 2133 512 2204 reficitur,
525 2131 663 2206 hirundo,
681 2142 754 2194 notu
767 2133 909 2212 auspiciis
932 2133 1021 2205 1111,Ι
1044 2149 1153 2210 magno
1168 2149 1235 2191 cunr
1258 2129 1375 2208 garritu,

281 2228 391 2288 circum
411 2240 503 2308 caput
524 2229 705 2307 quiescentis
718 2231 903 2302 volitaverat,
918 2240 947 2290 et
961 2227 1049 2290 modo
1064 2229 1092 2288 in
1118 2227 1186 2297 boc,
1201 2224 1293 2286 modo
1308 2222 1376 2284 illud
1441 2227 1442 2266 i

279 2323 383 2384 lectuli
404 2324 481 2384 latus
506 2343 539 2383 se
564 2323 731 2398 demiserat,
751 2325 993 2386 turbulentiorem
1019 2322 1105 2383 solitu
1119 2335 1239 2382 cantum
1264 2330 1375 2380 esame.

283 2420 332 2480 13.
353 2419 457 2480 Etrex
476 2419 597 2499 quidem
619 2420 783 2501 defatigato
805 2440 928 2502 corpore
941 2440 1001 2481 non
1016 2419 1135 2500 penitus
1157 2417 1291 2478 excussit
1303 2435 1379 2475 11111-

266 2510 363 2590 num,
376 2516 429 2577 sed
444 2529 542 2578 tamen
557 2535 641 2577 avem
665 2517 806 2579 continuo
821 2517 947 2598 strepitu
966 2516 1121 2577 molestam
1136 2514 1278 2586 sentiens,
1294 2531 1378 2572 11111

282 2613 376 2673 obiter
389 2612 506 2693 repulit.
549 2611 604 2672 llla
616 2611 692 2673 adeo
711 2631 772 2674 non
786 2615 925 2674 exterrita
949 2621 1006 2685 est,
1020 2623 1054 2672 11
1067 2610 1156 2672 etiam
1171 2611 1199 2670 in
1224 2609 1320 2689 ipsius
1334 2628 1380 2668 ca-

280 2710 341 2790 pite
352 2709 535 2780 consederit,
550 2727 645 2787 neque
659 2709 740 2788 prius
755 2720 885 2792 strepere
899 2709 1030 2780 desierit,
1045 2725 1133 2787 quom
1153 2707 1191 2767 ab
1212 2716 1381 2786 experrecto

282 2803 402 2864 demum
416 2806 521 2864 abacta
530 2815 586 2866 est.
631 2807 678 2865 14.
699 2805 795 2886 ldque
810 2805 852 2866 sic
867 2806 1076 2884 interpretatus
1087 2803 1183 2863 luerat
1198 2801 1383 2872 Aristander,

282 2910 314 2960 ut
337 2898 465 2960 ‘instare
485 2900 667 2980 periculum'
687 2899 799 2963 diceret
818 2903 874 2962 ‘ab
899 2903 993 2962 arnico
1015 2901 1112 2979 regis:
1135 2899 1189 2959 sed
1213 2899 1341 2958 iusidias
1356 2900 1382 2956 in
1441 2937 1442 2980 ,

282 2995 402 3056 occulto
416 3014 475 3055 non
490 3015 665 3060 mansuras:
686 2996 744 3057 hoc
763 2998 840 3059 enim
855 3015 974 3057 munere
991 3006 1125 3056 naturam
1150 2995 1224 3067 svis,
1239 3012 1311 3071 quse
1326 3012 1384 3071 pre
1441 2989 1442 3004 ¹

282 3093 388 3152 ceteris
403 3091 513 3151 bomini
531 3091 693 3164 familiaris,
707 3090 871 3173 eademque
894 3109 984 3172 supra
1006 3091 1127 3151 mudum
1150 3089 1270 3169 garrula
1285 3083 1385 3150 esset.’

285 3187 410 3248 15.1111
435 3188 534 3268 itaque
558 3186 714 3266 diligenter
737 3189 885 3269 expensis,
909 3207 977 3248 cum
1000 3185 1143 3248 indicium
1165 3185 1294 3246 Asisinis
1320 3205 1386 3246 curn

280 3285 357 3343 vatis
371 3303 515 3362 responso
528 3284 685 3345 convenire
703 3294 847 3356 cerneret,
863 3283 1105 3364 meminissetque
1121 3303 1153 3344 se
1174 3282 1281 3343 matris
1296 3283 1386 3342 literis

281 3379 368 3439 anxie
389 3381 544 3452 monitum,
568 3386 625 3439 ‘ut
649 3381 687 3440 ab
709 3378 767 3440 hoc
787 3379 913 3460 ‚bomine
941 3380 998 3440 sibi
1025 3378 1183 3450 caveretssi
1209 3377 1285 3437 nihil
1312 3378 1390 3439 11111

282 3473 476 3556 differendum
498 3485 590 3547 ratus,
612 3474 683 3553 quid
709 3475 769 3536 lieri
792 3474 881 3536 vellet
905 3474 1093 3536 Parmenioni
1117 3474 1285 3554 significat:
1310 3491 1387 3544 nam,

271 3577 316 3628 ,11
334 3567 472 3642 diximus,
493 3587 561 3628 cum
585 3569 652 3647 ipso
673 3569 703 3628 in
723 3570 883 3651 Phrygiam
909 3572 1002 3632 iverat
1024 3572 1185 3650 Lyncestes
1204 3568 1388 3630 Alexander.

286 3667 333 3724 16.
355 3663 417 3722 Sed
430 3682 468 3722 ne
483 3682 543 3742 quo
557 3683 631 3724 casu
651 3665 808 3726 consilium
831 3666 910 3746 regis
932 3685 1037 3745 parurn
1052 3666 1081 3726 in
1097 3675 1229 3746 ternpore
1244 3666 1390 3743 prodere·

282 3773 340 3834 tur,
362 3759 464 3820 literas
491 3759 579 3821 scribi
605 3779 663 3820 nun
689 3759 821 3840 placuit;
851 3761 905 3820 sed
929 3779 982 3840 per
1010 3760 1159 3820 homiuem
1181 3758 1277 3819 lidum
1303 3771 1392 3842 atque

283 3856 460 3918 honoratum
494 3855 637 3917 mandata
664 3857 804 3936 perferri:
831 3857 943 3918 electus
971 3866 1019 3917 est
1044 3855 1243 3935 Amphoterus
1275 3859 1392 3918 Crateri

318 4109 329 4134 ⁶
346 4101 388 4150 ld.
399 4105 442 4152 11.
881 4116 894 4152 s
911 4093 1190 4178 murcomannum.
1204 4117 1232 4154 x.
1245 4108 1293 4157 11.

317 4174 327 4209 ¹
342 4175 381 4226 ld.
393 4177 438 4227 1.1.
887 4181 900 4215 l
917 4181 995 4232 Diod.
1007 4180 1023 4232 l.
1035 4181 1052 4233 l.
1065 4195 1091 4246 p.
1103 4185 1159 4232 1118.
