2925 4867
364 346 406 397 ru
430 346 608 410 curarunt
633 346 808 397 cunutus
833 347 979 399 aurbu.
1172 335 1216 400 17

119 512 194 559 aevo
206 489 443 559 'theodosiano
454 494 582 561 statuit.
627 492 889 566 Recentioribns
903 493 1038 561 tandm
1055 493 1215 579 tempori·

118 597 184 659 bns
197 612 271 661 eam
284 614 358 659 rem
371 596 506 661 uberius
516 597 693 680 fusiusque
711 596 877 675 mactarit,
891 601 1001 679 atque,
1022 604 1062 662 nt
1082 614 1214 661 omnem

119 697 254 761 tandem
268 698 524 763 conboversiam
538 696 722 776 dirimeret,
745 699 865 763 eumne
879 706 931 761 est
945 699 1007 775 vir,
1029 717 1108 764 cum
1122 698 1216 763 illus-

118 799 285 865 trissimus
300 807 372 863 tum
397 796 629 877 doctissimus,
653 798 804 871 loannes
829 798 1030 865 Franciscus
1043 798 1215 883 losepbus

118 899 285 983 Bagnolo,
301 897 424 965 (lomes
437 901 556 979 Italus,
572 902 604 967 in
618 901 704 967 libro
718 901 889 982 singulari,
907 920 1007 983 qnem
1022 900 1215 983 inscripsit:

119 1000 247 1065 ‘Delta
259 1000 369 1068 Gente
382 998 504 1067 Curzia
517 1022 536 1067 e
550 1000 627 1068 dell'
640 1001 705 1067 lita
717 1001 752 1065 di
769 1000 814 1080 Q.
828 999 951 1067 Ouinio
965 999 1133 1069 l'lstorico
1145 1000 1217 1066 Ra·

119 1101 355 1185 gionamento!
398 1103 532 1169 Prodiit
544 1104 600 1169 hic
614 1105 701 1169 liber
715 1103 880 1171 Bononiae
897 1118 1084 1169 unooxur.
1108 1103 1217 1168 torma

121 1205 307 1283 octonaria,
331 1210 514 1289 auctorque
537 1204 691 1271 Curtium
706 1205 751 1271 ed
774 1205 1031 1271 Constantinum
1054 1203 1216 1287 Magnum

121 1305 267 1371 reduxit

167 1406 323 1492 Quisque
336 1407 454 1475 borum
467 1418 643 1477 auctorum
658 1409 859 1477 firmissimis
873 1409 1075 1491 argumentis
1090 1407 1219 1491 placite

121 1526 188 1573 sua
202 1508 331 1573 munire
344 1518 451 1593 atque,
460 1512 643 1593 quemlibet
663 1513 697 1575 in
713 1511 782 1575 alia
796 1511 910 1575 omnis
923 1510 1153 1575 discedentem
1167 1530 1218 1575 re·

121 1608 236 1673 fellere
249 1628 290 1675 ac
304 1609 501 1693 redarguere
523 1617 664 1679 conatus
685 1616 745 1677 est
789 1610 857 1676 Sed
874 1617 964 1677 taum
977 1610 1040 1675 illa
1052 1618 1219 1675 tantorum

122 1711 271 1775 virorum
296 1710 464 1777 dissensio
487 1712 573 1779 satis
597 1713 717 1796 arguit,
737 1720 807 1778 tam
820 1712 1012 1794 periculose
1031 1718 1068 1777 et
1088 1710 1220 1775 lubrice

121 1832 175 1877 res
190 1801 292 1894 quam
311 1812 433 1901 babeat
451 1813 738 1893 deliberationem,
753 1821 867 1896 atque,
881 1832 924 1877 ne
942 1819 978 1878 ct
1000 1813 1068 1896 ipsi
1088 1812 1219 1895 impetu

121 1920 184 1977 aut
197 1913 382 1977 temeritate
401 1912 547 1997 quadam
567 1913 728 1980 ducamur
746 1913 791 1983 ad
800 1912 1033 1998 judicandum,
1047 1932 1137 1996 opus
1150 1900 1218 1990 est,

122 2014 269 2097 primum
287 2022 327 2078 ut
345 2014 409 2079 rite
426 2016 685 2099 perpendamus,
699 2017 783 2100 qnid
795 2016 864 2081 loci
885 2016 942 2080 isti
956 2014 1063 2081 Curtii
1078 2014 1147 2077 sibi
1162 2031 1217 2078 re·

121 2114 196 2191 lint,
211 2114 334 2188 deindo
350 2122 386 2179 ot
399 2134 476 2181 cnm
492 2135 574 2197 eura
588 2136 628 2181 ae
642 2117 815 2199 diligentia
829 2116 1019 2191 Historiam
1033 2114 1222 2199 Imperato-

122 2234 196 2279 rum
211 2214 356 2292 illorom,
371 2216 527 2299 equibus
548 2218 744 2302 quempiam
756 2217 931 2301 designare
945 2216 1059 2300 potnit
1073 2216 1225 2293 Curtius,

122 2316 358 2399 inspiciamus.
401 2317 492 2383 Nam
521 2319 668 2400 cognitis
697 2318 830 2383 demum
859 2318 1111 2401 perspectisque
1138 2316 1221 2381 vitis

123 2417 342 2501 moribusque
355 2418 472 2483 borum
485 2420 677 2504 principum
691 2422 777 2485 bene
786 2430 946 2503 recteque
957 2418 1127 2503 conjicere
1138 2436 1222 2501 pos-

123 2538 253 2597 sumus,
268 2520 406 2601 quinam
429 2521 562 2587 illorum
589 2521 715 2599 Curtio,
729 2522 923 2587 felicitatem
945 2520 1117 2604 publicam
1139 2538 1220 2585 con·

124 2620 301 2703 templenti
315 2621 513 2706 civibusque
533 2622 788 2704 congratulanti,
801 2631 877 2688 ante
897 2621 1017 2687 ocnlos
1034 2620 1080 2685 sit
1101 2611 1223 2685 obver-

124 2729 236 2785 satus.
270 2780 275 2787 .
1006 2775 1010 2788 .

167 2821 225 2887 Ad
245 2823 394 2905 priorem
407 2825 497 2909 quod
511 2826 630 2892 attinet
648 2825 762 2892 locum
777 2843 827 2892 tv.
840 2828 874 2893 4.
887 2826 946 2892 fin.
957 2825 1114 2910 equidem
1129 2820 1221 2902 inde,

125 2923 219 3007 quod
232 2925 277 2990 ad
297 2927 561 3003 etateanrtii
578 2928 801 2996 deliniendam
820 2930 996 3013 pertineat,
1010 2926 1095 2991 nibil
1108 2930 1221 2993 extor-

125 3044 228 3107 quere
242 3044 394 3108 possum,
407 3046 508 3112 quarn
521 3027 659 3095 Curtius
675 3035 758 3112 post
774 3028 937 3094 Severum
951 3029 1050 3105 vixit,
1063 3044 1140 3099 cum
1154 3025 1223 3089 ista

125 3127 373 3193 ‘mansuetudo
396 3128 570 3197 Romana’
594 3130 654 3197 vix
676 3131 746 3196 alia
765 3150 842 3197 esee
860 3131 985 3215 possit,
1005 3148 1105 3213 qnam
1123 3125 1223 3213 bajus
1251 3133 1255 3144 '

125 3226 355 3311 Imperatoris,
377 3229 437 3313 qni
453 3231 519 3297 Jns
542 3232 701 3299 Italicum
714 3232 828 3314 Tyriis
842 3232 1021 3298 conoessit.
1063 3229 1222 3293 Ceterum

124 3348 179 3393 me
188 3329 308 3412 judice
322 3330 431 3409 locus,
446 3339 695 3415 quamverum,
711 3334 897 3398 communis
912 3332 1112 3426 minimeque
1129 3328 1224 3392 ‘lon-

125 3449 170 3512 ga
184 3431 271 3515 psx’
287 3431 523 3517 adimperium
545 3434 737 3501 Romanum
759 3436 953 3500 universnm
966 3429 1139 3499 reserenda
1159 3434 1223 3508 est,

126 3532 189 3596 sed
203 3533 321 3617 potins
336 3532 408 3599 b'aec
429 3534 499 3600 iere
521 3537 671 3603 voluisse
694 3536 761 3601 sibi
783 3535 914 3601 videtur
932 3534 1092 3600 Curtius:
1114 3530 1224 3615 Tyrus

126 3640 210 3719 post
223 3634 396 3700 excidium
409 3644 526 3701 renata
544 3638 713 3723 nullisque
731 3639 875 3722 amplius
895 3637 1053 3704 bostibus
1066 3634 1224 3700 infestata

127 3734 196 3801 sito
211 3736 356 3814 reviruit,
372 3737 537 3821 siqnidem
550 3738 650 3822 longa
662 3758 732 3822 pax
748 3744 870 3806 cuncta
884 3737 1024 3815 refovet,
1038 3734 1154 3819 quidni
1170 3752 1224 3797 ur·

125 3838 205 3902 bem
218 3836 332 3915 talem,
347 3839 392 3903 ad
406 3858 491 3925 opes
505 3841 754 3924 recuperandas
774 3847 878 3924 atque
895 3838 1066 3921 augendas
1080 3842 1148 3901 tarn
1164 3853 1224 3919 op·

125 3943 270 4021 portuno
283 3940 406 4005 sitam't

171 4038 257 4103 Plus
273 4042 393 4106 auxilii
417 4045 511 4109 locus
527 4045 620 4123 alter,
632 4060 671 4111 x.
688 4047 720 4111 9.
742 4045 777 4110 3.
798 4044 903 4122 affert,
918 4046 947 4109 si
969 4062 1037 4107 non
1057 4040 1100 4106 ad
1124 4036 1225 4104 extri·

126 4138 271 4205 eandam
286 4142 462 4209 veritatem
483 4145 571 4211 baud
595 4146 823 4226 dubitandam,
839 4146 881 4211 ad
902 4143 1112 4227 conjecturas
1135 4143 1224 4203 certe

197 4250 284 4315 Detpt.
295 4256 318 4299 et
332 4252 389 4302 Ver.
399 4253 463 4305 ctas.
634 4255 666 4310 Q·
681 4255 751 4306 cass.
1137 4249 1160 4297 Β
