2925 4867
270 358 336 426 las
667 375 697 424 s.
720 375 974 430 rsnrusnerru

270 527 411 580 vertunt:
431 533 493 579 uua
511 525 609 578 umen
631 517 727 593 narb,
740 536 808 597 quse
831 517 942 580 lessies
956 517 1095 590 vehebat,
1107 517 1356 598 deprehensione

270 627 378 677 ceterae
398 612 559 675 velociores
579 611 620 672 ad
640 631 725 674 suam
744 613 872 677 classem
896 611 1085 696 effugerunt:
1106 614 1147 677 ita
1167 612 1250 674 nullo
1270 633 1358 676 corum

270 731 338 789 quse
365 709 554 774 intenderant
580 707 697 784 effecto,
719 708 825 773 Mileto
852 709 1017 772 discessum
1044 721 1100 770 ast
1140 710 1172 772 6.
1191 709 1359 780 Alexander,

269 827 337 868 curu
348 826 438 870 suam
457 806 586 868 classem
599 825 696 886 neque
708 806 811 868 hostili
835 827 946 889 parem,
959 806 1042 870 etad
1055 807 1128 870 alios
1142 825 1216 866 usus
1230 825 1360 888 superm-

269 921 355 967 euam
369 904 425 965 sibi
438 914 584 976 cerneret,
596 902 741 982 multique
755 912 787 966 et
799 923 903 984 greum
923 902 962 963 ad
976 921 1041 965 eam
1055 913 1170 966 sumtus
1189 904 1361 984 requireren-

269 1013 327 1071 tur,
352 998 501 1060 dimittere
523 1017 590 1058 eam
616 998 763 1066 statuit:b
782 999 885 1079 paucis
908 999 1027 1062 navium
1052 998 1184 1072 retentis,
1206 999 1312 1078 quibus
1328 999 1361 1062 ad

268 1095 440 1156 obsidiones
467 1094 583 1156 urbium
611 1094 756 1157 machinae
784 1105 990 1175 tormentaque
1013 1105 1209 1176 portarentur.
1251 1099 1281 1158 7.
1303 1095 1363 1156 Dis·

268 1200 406 1254 suaserat
416 1189 490 1253 illud
505 1189 673 1264 Parmenio,
686 1201 900 1272 monueratque
922 1203 955 1254 ut
976 1190 1073 1252 navali
1094 1192 1196 1271 praelio
1208 1191 1363 1254 contende-

269 1297 372 1351 retur.e
412 1294 421 1325 ‘
437 1286 655 1349 Macedonibus
669 1288 748 1349 enim
763 1287 922 1351 victoribus
937 1306 1078 1368 ramnum
1093 1287 1132 1348 ad
1147 1299 1246 1350 cetere
1260 1287 1364 1350 ctnolu·

268 1395 402 1448 mentum
424 1401 614 1450 accessurum
633 1403 718 1446 esse:
741 1385 889 1450 strictos
914 1384 987 1445 nibil
1008 1403 1080 1446 sane
1100 1385 1280 1454 amissnrcsc
1301 1403 1363 1446 nun
1458 1449 1459 1476 ,

268 1480 423 1559 imperinm
436 1479 526 1540 muris
534 1478 598 1558 jum
612 1489 675 1540 tum
693 1498 760 1544 esse
775 1500 867 1560 penes
882 1480 1012 1548 Persast
1034 1489 1064 1540 et
1077 1480 1176 1540 littora
1190 1479 1278 1540 facile
1293 1490 1364 1544 tuta·

268 1587 362 1650 turos,
375 1577 426 1656 qni
441 1575 627 1657 pedestribus
639 1577 733 1655 copiis
747 1576 814 1656 plus
836 1587 960 1658 possent
972 1577 991 1646 ;’
1013 1580 1042 1640 8.
1064 1595 1183 1656 quoque
1201 1576 1365 1656 expeditius

269 1672 350 1752 quod
373 1671 530 1736 videbatur
550 1671 707 1745 obtineret,
729 1671 808 1732 idem
831 1674 881 1752 qui
902 1670 1059 1734 consilium
1083 1671 1216 1748 dederat,
1241 1674 1366 1752 ‘exequi

267 1766 342 1826 illud
358 1766 512 1846 paratum·
525 1767 714 1840 ostendebat,
729 1765 980 1850 ‘conscensisque
995 1765 1119 1830 navibus
1141 1786 1231 1852 quant
1244 1787 1297 1828 rex
1306 1766 1367 1847 jus·

267 1861 360 1924 sisset
386 1862 563 1925 discriminis
587 1874 701 1944 partem
724 1865 903 1944 capessere!
943 1863 1181 1926 Confirmabatur
1204 1864 1294 1926 etiam
1316 1882 1369 1924 eu-

268 1959 365 2038 gurio,
378 1957 459 2038 quod
480 1959 679 2040 superioribus
701 1960 808 2022 dicium
829 1971 949 2039 atergo
972 1959 1062 2040 regie
1084 1958 1190 2020 classis
1216 1961 1316 2040 aquila
1338 1960 1368 2020 in

268 2056 366 2116 littore
380 2055 546 2117 consistens
559 2056 752 2134 apparuisset.
794 2059 824 2118 9.
845 2057 957 2116 Contra
965 2054 1137 2117 Alexander
1153 2054 1235 2114 ‘salli
1250 2055 1370 2116 Parme-

268 2148 711 2231 niocem’assevcrebsqt‘qui
731 2171 843 2233 paucas
868 2171 988 2214 suorum
1011 2171 1103 2214 naves
1125 2163 1217 2214 tantm
1240 2152 1371 2214 bostium

268 2247 459 2318 multitudini,
473 2247 682 2328 imperitosque
695 2249 822 2328 remiges
836 2239 866 2310 et
879 2247 968 2312 rudes
989 2248 1170 2322 classiarios,
1189 2249 1373 2311 exercitatis·

269 2343 351 2402 simis
365 2340 544 2414 bominibus,
559 2341 659 2423 reique
672 2343 801 2407 nautica
822 2344 1018 2425 peritissimis,
1032 2344 1215 2424 objiciendos
1230 2345 1374 2406 duceret:

271 2441 319 2500 10.
342 2458 374 2498 se
395 2438 515 2517 quidem
529 2437 629 2498 virtuti
650 2457 771 2500 suorum
792 2457 853 2500 non
874 2439 1018 2515 diffidere,
1043 2452 1173 2504 ceterum
1192 2442 1270 2505 scire
1290 2443 1374 2504 illam

266 2535 297 2594 in
311 2533 464 2596 navalibus
485 2535 593 2614 pugnis
607 2534 759 2597 miniatum
779 2535 912 2598 conterre
931 2537 971 2598 ad
985 2537 1158 2600 victoriam:
1178 2539 1274 2602 multo
1292 2541 1375 2601 enirn

266 2630 354 2710 plura
365 2645 518 2692 ventorum
531 2631 734 2711 fluctuumque
748 2631 882 2696 ludibriis
902 2635 1041 2714 permitti,
1056 2654 1125 2715 que
1138 2637 1375 2718 gubernatorum

267 2738 359 2805 atque
372 2715 513 2805 remigum
529 2728 635 2806 peritia
647 2729 763 2800 ritaret,
775 2740 829 2789 aut
850 2729 912 2790 suis
927 2730 1059 2809 partibus
1073 2743 1240 2812 opportune
1255 2731 1377 2812 redige·

268 2832 329 2882 ret:
351 2822 450 2882 necin
465 2823 596 2900 ipsarum
610 2825 727 2884 narium
751 2825 972 2892 constructione
987 2825 1058 2888 nibil
1079 2837 1131 2888 aut
1144 2845 1247 2907 parurn
1261 2828 1377 2891 eitunn

272 2919 319 2978 ll.
340 2916 382 2981 ita
403 2917 603 2980 Macedonum
621 2929 749 2982 conatus
765 2939 858 2982 vanos
877 2920 951 2996 iore,
964 2941 1032 2985 cum
1045 2942 1099 2984 eos
1123 2923 1239 2984 barbari
1252 2925 1377 3006 impune

268 3023 322 3074 aut
347 3013 478 3088 eludere,
512 3026 564 3076 aut
592 3017 692 3092 etiem,
721 3017 747 3076 si
771 3035 859 3080 cesus
886 3017 1018 3092 deretur,
1045 3019 1209 3100 opprimere
1236 3035 1377 3100 possent

271 3112 319 3173 ta.
341 3110 445 3191 Neque
460 3130 531 3173 vero
550 3112 688 3192 mgnum
705 3113 736 3174 id
758 3111 967 3179 detrimentum
989 3115 1139 3180 futurum:
1160 3127 1252 3178 totam
1267 3119 1377 3181 Asiam

267 3219 444 3270 arrectursm
458 3205 586 3281 animos,
600 3209 626 3271 si
638 3209 715 3274 iuter
727 3209 812 3272 initia
825 3210 894 3274 beili
918 3209 1020 3275 clades
1036 3221 1160 3292 accepta
1173 3212 1261 3276 foret.
1304 3214 1379 3276 Ple·

267 3321 375 3382 rosque
395 3304 564 3368 mortalium
587 3304 631 3366 its
654 3317 841 3386 conparatos
864 3327 943 3384 esse,
964 3318 998 3368 ut
1018 3328 1086 3372 eum
1112 3327 1208 3371 rerum
1230 3324 1378 3374 eventum

266 3398 483 3479 expectandum
502 3410 618 3479 putent,
631 3421 721 3480 quent
735 3423 772 3464 ex
794 3405 938 3484 principio
960 3424 1154 3470 successuum
1168 3427 1221 3486 spc
1245 3419 1298 3472 aut
1311 3410 1380 3470 fcr-

266 3495 375 3557 midine
399 3511 615 3574 prmcaperunt.
658 3499 698 3560 Et
718 3519 757 3562 ne
781 3500 819 3564 de
843 3503 914 3566 Asia
941 3501 1130 3576 dubitemus,'
1152 3504 1259 3585 inquit,
1278 3507 1379 3584 ‘quis

265 3589 337 3653 mibi
351 3592 505 3669 prestabit
528 3591 651 3656 Grecos
664 3596 696 3654 in
717 3597 776 3660 fida
797 3617 964 3672 mansuros,
979 3601 1005 3660 si
1031 3599 1202 3664 felicitatem
1222 3601 1302 3664 illam
1319 3623 1381 3664 ex·

264 3686 407 3764 Plfflvitsse
427 3686 561 3760 credant,
583 3709 683 3768 quam,
698 3693 725 3756 si
738 3713 840 3758 rerum
864 3715 1113 3772 amanuensem
1128 3696 1158 3762 in
1180 3700 1264 3760 nobis
1280 3719 1377 3760 rere·
1438 3773 1443 3780 ι

265 3781 386 3842 rentur?
430 3786 478 3844 13.
500 3782 593 3846 Plane
617 3787 656 3848 ad
680 3789 829 3854 fortunam
853 3812 947 3856 meant
970 3793 1116 3873 pertinere
1136 3795 1270 3869 arbitror,
1284 3797 1386 3875 quod

265 3877 366 3958 aquila
389 3897 466 3956 pone
489 3878 616 3942 classem
639 3899 802 3966 conspecta
826 3898 883 3961 est,
896 3889 987 3969 idque
1012 3891 1080 3954 boni
1106 3909 1262 3954 successus
1277 3911 1385 3955 omen

265 3974 402 4052 accipio:
423 3975 477 4035 sed
492 3975 550 4037 hoc
571 3981 728 4042 manifesto
753 3984 896 4062 promittit
919 3986 1085 4066 augurium,
1100 4005 1155 4047 nos
1170 3987 1303 4048 hostium
1324 4011 1388 4050 na-

296 4145 308 4178 b
326 4143 445 4198 Idnal.
462 4148 542 4199 Diod.
552 4150 605 4202 Sic.
617 4159 795 4219 seraptis.
868 4157 880 4190 ‘¹
897 4157 937 4209 ld.
949 4159 965 4210 Ι.
978 4159 994 4208 Ι.

297 4227 309 4253 ⁰
325 4220 429 4273 Amiso.
441 4236 462 4274 t.
473 4227 513 4274 lb.
