2925 4867
265 401 309 466 to
675 412 957 463 renascuntur

264 558 299 625 ri
320 550 391 635 ι’ῥις,
415 550 681 637 ἆναλαμβιῖιοιισιι,
695 555 855 641 ·ὖλιι’χιστα
869 562 924 618 τῶν
939 562 1042 617 λοιπῶν
1060 562 1151 643 precis
1168 556 1363 640 Φροιτίζοκες.

182 726 184 729 ,
267 656 364 733 Οὕτως
378 661 442 739 ἡμῖν
451 655 541 721 dorios
554 662 592 731 ιῖς
605 660 644 721 τὰ
657 662 704 735 τῆς
721 658 820 744 ψυχῆς
842 660 947 739 σημεῖα
961 661 1075 740 μᾶλλον
1096 656 1242 736 ἐνδύεσθαι,
1257 656 1308 720 καὶ
1320 659 1364 719 διὰ

265 759 371 828 τούτων
385 762 521 825 ιίδιποιεῖι
543 763 590 823 τὸν
613 756 738 825 ἑκάστου
754 758 827 841 βίον,
849 756 991 835 terma
1008 757 1109 847 tripart
1131 763 1169 824 τὰ
1190 756 1293 845 μιγέθη
1315 759 1361 821 rui

267 860 331 939 ιιιιῖς
346 868 471 949 dryhlar.

311 982 346 1032 v.
358 966 467 1033 Etiam
480 964 522 1029 de
533 967 625 1051 stylo
635 966 745 1032 Curtii
756 964 847 1030 docti
853 965 992 1051 judiees
1003 962 1213 1029 dissentiunt.
1258 962 1365 1027 Nemo

267 1082 381 1138 tamen
402 1068 479 1145 fuit,
502 1069 562 1151 qui
588 1070 788 1151 elegantiam
804 1052 969 1131 sermonis
982 1072 1016 1157 et
1029 1066 1223 1130 facultatem
1237 1060 1364 1127 dicendi

267 1192 333 1237 nou
350 1180 442 1237 esset
455 1172 616 1251 miratus3
638 1177 671 1235 et
686 1170 746 1255 qni
759 1170 855 1234 illum
869 1168 1127 1251 casrtgaverunr,
1141 1167 1240 1230 nimia
1255 1165 1365 1247 potius

267 1275 489 1343 concinnitate
503 1281 537 1337 et
551 1273 747 1349 festivitate,
757 1292 859 1355 qnam
875 1270 1031 1347 duritate,
1046 1274 1079 1334 ct
1093 1268 1192 1351 quasi
1206 1266 1367 1331 moestitia

267 1376 428 1439 orationis
451 1373 568 1438 offensi
591 1379 688 1439 sunt:
718 1382 825 1457 atque
846 1373 923 1454 ipse
946 1371 1099 1437 Clericus
1123 1368 1307 1445 confitetur,
1329 1388 1364 1431 se

266 1477 415 1541 lectione
425 1475 532 1540 Curtii
555 1476 701 1540 maxime
723 1496 801 1539 esse
823 1474 1037 1539 delectatum.
1083 1472 1234 1537 ‘Rerum
1258 1476 1365 1554 gesta·

266 1576 362 1656 rum,'
375 1578 498 1661 inquit,
510 1575 603 1661 (hrt.
618 1576 735 1649 Critic.
753 1578 793 1640 P.
809 1593 868 1642 ιιι.
884 1598 915 1642 s.
927 1576 961 1641 3.
977 1597 1007 1641 c.
1020 1578 1070 1655 l.)
1087 1580 1193 1658 ‘quas
1207 1571 1367 1638 describit

267 1680 492 1761 maguitudino
507 1678 638 1745 animus
654 1680 840 1764 perculsus,
862 1686 895 1744 et
917 1679 997 1764 styli
1020 1678 1180 1760 elegantia
1195 1675 1365 1748 delinitus,

267 1780 361 1847 aliud
380 1781 474 1858 nihil,
505 1786 629 1864 praeter
651 1782 891 1861 tortitudinem,
918 1780 1098 1847 andaciam
1125 1786 1159 1845 et
1180 1778 1366 1844 felicitatem

268 1880 456 1951 Alexandri
476 1884 634 1964 videbat3
655 1883 747 1948 aliud
768 1885 851 1951 nihil
874 1889 993 1969 praeter
1014 1881 1174 1948 sublimia
1195 1880 1299 1943 verba
1319 1876 1367 1941 sa·
1416 1926 1422 1939 .

267 1984 463 2051 candissimi
480 1986 651 2069 scriptoris
666 1985 848 2052 audiebat!
878 1986 1000 2069 Neque
1014 2004 1091 2050 vero
1106 1981 1295 2064 negandum
1305 1990 1366 2053 est,

267 2086 418 2154 Curtium
441 2088 567 2174 ubique
584 2087 680 2170 justu
702 2089 781 2171 plus
803 2087 954 2175 paropsiae
975 2095 1019 2166 et,
1045 2084 1242 2151 Rhetorices
1256 2081 1366 2147 studio

268 2190 364 2253 unice
377 2188 536 2266 deditum,
550 2190 747 2253 occasiones
763 2198 917 2273 captare,
933 2189 1105 2254 oratorias.
1114 2185 1365 2268 descriptiones,

268 2290 397 2369 αὐξήσεις·
419 2294 657 2375 orationesque
681 2292 923 2357 disertissimus
935 2291 1101 2375 opusculo
1115 2308 1177 2353 suo
1191 2284 1365 2353 inserendi.

268 2392 390 2458 Nihilo
401 2398 512 2456 tamen
525 2394 634 2458 minus
647 2393 799 2459 Curtiani
814 2394 974 2459 sermonis
988 2399 1086 2459 tanta·
1097 2399 1150 2456 est
1160 2388 1316 2464 dulcedo,
1330 2394 1367 2451 ut

268 2512 339 2569 nou
358 2514 379 2558 a
399 2495 576 2578 juventute
591 2495 680 2574 sola,
700 2494 764 2559 red
786 2495 888 2562 etiam
904 2516 926 2561 a
941 2495 1070 2561 limatis
1084 2500 1120 2559 et
1133 2492 1298 2558 emunctis
1311 2488 1370 2553 ho·

268 2596 413 2659 minibus
429 2596 463 2659 in
480 2594 611 2660 deliciis
627 2596 670 2663 sit
688 2596 834 2674 habitus,
856 2604 965 2680 atque
976 2595 1152 2679 singularis
1167 2592 1225 2657 illa
1238 2590 1368 2674 elegan-

268 2697 329 2773 tia,
352 2698 434 2762 mira
456 2698 515 2762 illa
537 2700 691 2764 suavitas
713 2700 813 2765 etiam
837 2699 922 2763 viris
942 2698 1145 2763 subactionis
1162 2694 1282 2779 judicii
1304 2711 1368 2756 nou

268 2796 485 2880 displicuerit.
531 2800 754 2866 Heumannns
768 2802 832 2865 hac
851 2800 892 2865 de
915 2822 949 2865 re
970 2802 1019 2865 ita
1035 2798 1185 2884 judicat:
1209 2794 1368 2861 ‘Curtios

267 2898 438 2982 elegantiae
460 2906 528 2965 tam
550 2900 723 2967 studiosos
745 2908 807 2979 est,
830 2907 868 2968 ut
888 2921 910 2967 a
928 2901 1122 2984 vulgaribus
1143 2896 1366 2964 locutionibus

268 2999 438 3067 abstineat
459 3008 494 3065 et
516 3002 679 3086 ejusmodi
702 3003 843 3085 phrases
866 3002 1038 3081 adhibeat,
1065 3021 1152 3087 quas
1173 3002 1279 3065 lector
1300 3016 1367 3061 uon

267 3100 478 3184 praeviderat,
500 3124 569 3187 quo
584 3104 677 3168 illum
694 3107 906 3170 attentiorem
921 3106 1040 3171 reddat
1055 3114 1089 3169 et
1104 3104 1168 3169 sibi
1183 3101 1256 3186 ejas
1272 3119 1366 3164 amo·

267 3222 340 3269 rem.
352 3210 456 3288 atque
468 3204 724 3271 admirationem
747 3208 914 3273 conciliet.
958 3208 1089 3273 Similis
1110 3206 1210 3287 igitur
1224 3207 1277 3268 est
1290 3200 1369 3265 Vir·

268 3304 359 3387 gilio,
381 3306 439 3389 qui
462 3312 496 3369 et
517 3307 589 3391 ipse
611 3327 675 3371 non
699 3306 869 3373 delectare
883 3306 1207 3393 simpliciterstudet
1221 3306 1368 3370 lectores

267 3424 361 3482 euos,
382 3408 441 3471 sed
463 3408 563 3471 etiam
586 3428 648 3473 eos
672 3410 705 3473 in
730 3410 983 3476 admirationem
1006 3429 1124 3495 rapere
1148 3416 1183 3473 et
1208 3403 1369 3473 attonitos

267 3506 403 3571 reddere
425 3512 560 3572 conatur
582 3511 772 3593 eloquentia
794 3532 859 3578 sua
879 3512 1068 3595 magnifica.
1112 3511 1192 3576 Vid.
1219 3506 1371 3573 Morbos.

267 3604 327 3701 lib.
350 3606 391 3671 de
416 3617 535 3691 arguta
554 3608 702 3677 dictione
726 3632 762 3695 p.
784 3614 861 3679 170.
906 3612 1206 3692 Quintilianuslih.
1226 3627 1274 3675 ιν.
1289 3630 1320 3675 c.
1335 3609 1370 3675 2.

266 3707 383 3774 laudat
397 3710 617 3774 narrationem
633 3732 723 3791 eam,
744 3734 821 3797 quae
843 3714 944 3792 omni,
967 3734 1034 3798 qua
1056 3720 1181 3799 potest,
1202 3712 1311 3795 gratia
1333 3722 1372 3779 et

200 3882 203 3886 ,
267 3804 398 3886 Venere
420 3819 587 3877 exornata
606 3822 668 3892 est,
694 3817 789 3899 atqui
810 3816 888 3883 talis
910 3822 965 3881 est
986 3817 1095 3881 Curtii
1118 3815 1161 3880 de
1181 3813 1370 3881 Alexandri

266 3910 366 3975 rebus
380 3914 536 3991 narratio,
545 3935 624 3997 ergo
639 3935 713 3980 eam
728 3917 869 3983 laudare
881 3917 1131 3983 debemuscum
1143 3914 1370 3997 Quintiliano,

266 4010 340 4074 viro
355 4011 605 4081 laudatissimo.
630 4014 749 4084 Cicero
764 4037 839 4083 cum
851 4016 1031 4084 Curtioita
1045 4021 1230 4103 comparari
1244 4022 1371 4100 potest,

266 4110 315 4183 uti
329 4108 446 4184 Cicero
461 4122 673 4199 comparatur
687 4137 768 4183 cum
780 4116 951 4188 Messalla
963 4119 1112 4185 Corvino
1127 4118 1371 4199 aQuiutiliano

266 4211 462 4296 Dialog.‘de
474 4214 568 4286 Orat.
583 4218 634 4284 ts.
650 4218 847 4304 ‘Utroque’
859 4222 980 4306 iuquit,
996 4222 1168 4300 (Graccho
1184 4224 1216 4284 et
1226 4217 1371 4297 Crasso)
