2925 4867
255 389 322 453 118
649 406 679 456 ι.
703 403 954 456 ιιιιιιιιιιιιιι
1030 421 1037 432 =

254 547 368 627 piarum
381 556 495 627 partem
508 545 705 608 Parmenione
715 545 804 618 dune,
819 545 957 627 Abydum
971 545 1002 606 in
1017 543 1142 642 adperao
1156 547 1255 608 liltore
1266 549 1339 609 ιιῑιιι

255 653 355 722 petere
364 642 461 720 jubat,
474 642 623 704 attributio
645 641 755 703 adbuc
769 653 889 702 eentum
911 642 1066 722 aerugintu
1087 643 1262 716 trirentibur,
1276 645 1341 704 nul·

255 739 352 818 tieque
366 739 527 818 opereriirt
547 739 611 820 ipae
631 757 700 799 cnm
713 737 834 818 reliquia
849 737 1004 799 Elenuteru
1019 739 1235 818 prudcircitur:
1251 739 1341 800 Prote·

255 834 329 895 silan
338 835 559 915 racrnm,cnjur
570 834 610 894 ibi
619 833 786 915 repulerum
798 845 923 914 aggeum
933 833 1049 895 tumulo
1058 835 1178 914 tegitur.
1199 837 1250 896 23.
1265 835 1342 894 Circa

255 931 402 992 tumulum
414 932 525 992 crebrer
538 931 612 992 ulmi
625 941 707 1003 runt,
721 949 847 1010 quarum
858 933 932 991 mirn
950 939 1057 990 natrrra
1074 940 1141 991 ert:
1171 933 1223 991 tl.
1244 931 1342 1011 quippe

255 1026 366 1099 remia,‘
378 1027 430 1107 qui
443 1027 530 1088 ilium
542 1035 691 1106 spectant,
706 1027 852 1087 matutino
865 1026 925 1087 diei
950 1035 1081 1106 tempore
1099 1035 1188 1087 enata
1206 1025 1277 1087 lolia
1289 1039 1344 1086 ata·

256 1121 309 1183 tim
323 1122 474 1191 deduuut3
495 1141 565 1183 eum
576 1121 684 1184 eumne
698 1121 814 1182 stabilia
829 1121 961 1182 viridiora
977 1121 1034 1182 rit:
1054 1122 1097 1182 ita
1109 1123 1246 1182 acerbum
1257 1121 1345 1182 beruiu

256 1219 350 1280 iatum
365 1218 528 1299 exprimere
541 1219 713 1292 creduntur,
724 1219 774 1299 qui
789 1219 818 1278 in
832 1219 896 1298 ipro
911 1221 1009 1279 utalia
1021 1219 1094 1280 dore
1114 1239 1182 1280 curn
1192 1219 1304 1280 umus
1315 1221 1343 1284 in

256 1314 360 1375 Arium
381 1315 542 1394 profectur,
556 1317 652 1394 prino
662 1315 782 1398 Trojuni
804 1316 874 1376 belli
889 1315 1008 1377 victima
1021 1316 1085 1376 luit.
1127 1317 1177 1376 16.
1200 1314 1344 1378 Huiutum

256 1409 429 1470 Alexander
440 1409 559 1471 int‘eriar
573 1409 676 1479 dedit:
698 1419 878 1491 precatnr‚·‘
892 1423 928 1472 nt
940 1412 1110 1474 melioribus
1131 1411 1270 1494 ampiciia
1283 1411 1348 1475 bor·

257 1505 310 1566 tile
321 1507 406 1565 liuns
419 1505 574 1585 tangeret!
615 1506 690 1568 lude
712 1525 782 1568 oum
806 1509 1021 1589 qninquaginta
1040 1507 1139 1590 longia
1162 1509 1289 1570 navibus
1305 1511 1347 1569 Si·

257 1620 346 1680 gennr
359 1602 455 1682 petiit,
475 1613 651 1682 portumque
673 1621 781 1664 nornen
801 1604 838 1664 ab
852 1603 972 1665 Anhlria
994 1614 1124 1676 nactum,
1138 1621 1263 1684 quorum
1277 1604 1349 1664 elaa-

258 1717 321 1758 rem
333 1697 470 1777 Trojania
483 1699 661 1777 temporibua
674 1711 843 1778 exceperat.
884 1701 936 1761 tu.
955 1701 1031 1760 Cum
1042 1700 1105 1780 jam
1118 1701 1149 1758 in
1164 1699 1270 1759 mediir
1283 1699 1350 1760 Hel·

257 1793 386 1873 leuponti
406 1793 546 1855 fluetibnr
568 1795 723 1875 navigaret
746 1799 887 1874 (nemque
913 1813 976 1856 aner
990 1795 1074 1855 navia
1095 1797 1159 1873 ipae
1178 1785 1363 1873 gubernator'

257 1892 463 1961 erat)taurum
485 1891 627 1972 Neptuno
649 1911 687 1952 ao
706 1889 885 1952 Nereidibus
908 1891 1061 1964 immolet:
1075 1909 1253 1970 aureamque
1273 1891 1354 1970 pbia-

258 1984 330 2055 Iam,
353 1999 391 2046 er
410 2003 470 2068 qua
494 1987 647 2061 libaverat,
672 1987 739 2048 Diis
761 1987 880 2048 marini·
906 1985 1018 2046 donum
1042 1988 1072 2046 in
1099 1986 1226 2066 pelagna
1249 1986 1355 2066 abjicit.

259 2083 310 2142 2⁷.
329 2081 398 2142 dnm
412 2083 445 2140 iu
464 2096 551 2163 portu
567 2094 633 2146 erat
655 2082 771 2152 dunin,
786 2101 854 2142 cum
879 2099 931 2141 rex
952 2083 1088 2162 conjectu
1102 2082 1131 2140 in
1155 2081 1240 2142 littua
1259 2081 1355 2152 brute,

257 2177 369 2255 primun
383 2195 400 2238 e
414 2179 483 2238 nari
501 2179 607 2239 librato
621 2197 744 2260 corpore
764 2185 871 2236 terrain
891 2177 968 2237 aaltu
984 2178 1130 2258 conligite
1149 2187 1287 2249 tentatus,
1301 2184 1310 2212 ⁴
1325 2195 1357 2238 ue

259 2273 478 2350 poauerrionem
493 2275 575 2335 Atiae
598 2275 664 2337 Diia
688 2277 765 2336 bene
781 2272 956 2353 juventibus
973 2274 1057 2353 jurto
1080 2273 1189 2353 pioque
1207 2273 1287 2334 bello
1301 2273 1357 2332 ribi

260 2369 436 2428 arrerere.'¹
476 2373 527 2432 28.
547 2373 618 2432 Arra
639 2372 746 2433 deinde
766 2371 937 2432 conutitutae
959 2381 1040 2443 aaut,
1063 2371 1114 2430 nbi
1134 2369 1360 2430 eueenaionem

261 2463 381 2537 fecerat,
403 2464 472 2526 dori
496 2467 677 2539 dercenrori,
702 2467 906 2547 Minervaeque
930 2481 960 2527 et
979 2467 1141 2528 Herculiti
1163 2475 1223 2528 ‘eo
1242 2485 1363 2546 quoque

255 2557 338 2631 beo,
351 2560 432 2620 unde
445 2580 483 2622 er
497 2563 615 2644 Europa
630 2564 769 2635 noluerat,
784 2581 851 2623 erar
866 2563 978 2624 exstrui
990 2563 997 2588 ’
1007 2563 1109 2644 juarit.

302 2655 355 2716 lv,
393 2659 420 2718 l.
442 2658 516 2718 Inde
535 2660 684 2738 proeeeeit
704 2660 735 2719 in
760 2677 892 2738 campos,
907 2659 957 2718 nbi
980 2661 1087 2719 veterio
1102 2659 1149 2718 Ilii
1169 2659 1257 2720 reden
1280 2679 1369 2722 mon·

261 2752 419 2811 etrebatnr.
462 2754 506 2816 lbi
530 2753 600 2815 duur
621 2757 807 2818 heroicorum
830 2773 948 2834 operum
971 2767 1162 2816 monumenta
1183 2755 1273 2818 aride
1297 2775 1369 2836 per·

260 2847 377 2918 lustrat,
392 2847 512 2926 qnidam
536 2868 573 2910 ex
586 2851 691 2913 ineolia
706 2850 822 2912 Paridis
836 2850 863 2909 ei
879 2849 972 2928 lyram
987 2849 1137 2931 pollicitor
1157 2854 1228 2911 ert.⁸
1270 2855 1303 2913 2.
1328 2855 1373 2914 At

261 2939 323 3011 ille,
338 2947 347 2975 ⁴
363 2941 465 3016 Nihil:
483 2943 588 3025 iuquit,
609 2955 731 3007 ‘moror
741 2945 901 3006 imbellium
916 2943 1089 3006 deliciarum
1103 2946 1160 3006 vile
1183 2947 1373 3008 inatrnmen·

263 3046 349 3096 tum:
370 3051 402 3097 at
415 3038 539 3100 Achillia
553 3042 646 3122 lyram
661 3043 756 3116 cedo,
767 3042 885 3102 sortium
909 3041 1035 3102 uirorum
1057 3041 1164 3102 laudea
1178 3042 1284 3103 eadem
1300 3063 1374 3124 per·

263 3135 397 3195 annuntie
420 3152 521 3206 manu,
539 3159 600 3218 qna
621 3139 704 3200 lecta
724 3137 916 3219 superabat’·
946 3139 975 3199 3.
998 3137 1074 3197 Naro
1095 3137 1254 3212 Achillem,
1279 3140 1374 3218 enjna

263 3231 376 3308 origine
400 3230 590 3310 gloriebatur,
604 3235 736 3314 inprimis
755 3235 853 3294 mirari
880 3233 1101 3305 contuentium
1122 3235 1231 3295 circum
1243 3235 1376 3316 cippum

263 3326 326 3406 ejus
346 3347 414 3388 cum
435 3331 539 3391 nmicia
559 3331 658 3392 undar
680 3331 860 3404 decucurrit,
872 3341 1022 3410 unctoque
1045 3349 1187 3390 coronam
1199 3329 1377 3409 impoenit.b

263 3429 295 3486 4.
317 3423 511 3503 Hephnatiun
539 3427 669 3488 Patrocli
695 3428 840 3488 tumulum
863 3427 1036 3496 coronavit:
1069 3427 1195 3487 eundem
1226 3427 1378 3487 amicitiae

263 3519 360 3579 locum
375 3519 454 3598 apud
466 3521 667 3583 Alexandrum
681 3524 737 3584 aibi
752 3544 818 3585 erae
833 3525 1015 3604 significant,
1027 3543 1115 3603 quem
1130 3524 1155 3583 ia
1168 3524 1249 3602 apud
1265 3523 1382 3582 Achil·

263 3615 321 3676 lem
337 3615 501 3678 babuiraet.
544 3617 622 3679 luter
636 3621 793 3684 rnultoade
804 3623 920 3684 Achille
933 3639 1083 3682 sermonen
1099 3619 1231 3699 ‘duplici
1246 3619 1381 3678 nomine

295 3797 305 3822 ¹
322 3789 365 3840 ld.
382 3789 431 3840 ll.
454 3788 585 3840 Herodot.
597 3803 637 3842 ιι.
649 3794 707 3840 tre.
723 3791 792 3840 Pru·
863 3797 874 3832 t
893 3787 996 3840 Arrian.
1008 3789 1027 3838 Ι.
1039 3789 1055 3838 Ι.

264 3879 284 3916 ι.
297 3876 324 3915 et
335 3879 379 3916 ιιι.
864 3871 877 3897 ⁵
893 3864 965 3914 t’tut.
978 3863 1053 3914 Alex.
1075 3879 1101 3928 p.
1113 3868 1170 3916 ott.
1188 3863 1229 3916 ld.
1247 3865 1281 3914 de
1298 3863 1383 3913 rori.

297 3940 608 3992 ‘Pbiloatrauflerolca-
834 3939 910 3992 Alex.
930 3953 950 3991 ι.
969 3945 1007 3993 ll.
1030 3941 1120 3992 AElian.
1147 3939 1308 3994 Ventilet.
1335 3951 1383 3990 rx.

297 4017 430 4068 'Arriam
441 4019 459 4069 1.
471 4020 488 4069 Ι.
781 4053 783 4058 -
833 4019 873 4066 18.
923 4055 931 4070 .

296 4101 309 4126 '
325 4092 426 4145 luti.
868 4088 969 4142 tetur.
990 4090 1068 4144 Alex.
1089 4093 1145 4144 1.1.
1165 4091 1270 4143 Arrian.
1289 4104 1314 4140 ι.
1336 4091 1383 4138 12.

296 4175 310 4202 ⁸
322 4169 398 4220 Diod.
407 4169 459 4221 Sic.
470 4183 541 4222 nvn.
550 4185 576 4235 p.
585 4173 642 4223 otu.
650 4168 748 4223 Jmtiu.
757 4181 798 4220 ιι.
836 4165 928 4218 Elian.
940 4179 993 4220 ιιι.
1003 4172 1031 4220 t.

256 4249 343 4297 Mb.
