2925 4867
370 404 428 453 on.
451 404 546 454 oxrr.
569 390 600 453 3.
638 407 674 453 s.
699 407 760 453 on.
783 406 820 453 u.
842 388 917 455 329.
1126 390 1190 455 etr

102 547 189 626 Quas
216 548 247 611 si
269 550 304 613 in
324 549 419 633 ipsos
443 550 645 631 proditionis
668 555 823 616 auctores
845 549 1037 631 excogitata
1056 556 1189 629 essent;

96 648 190 731 justa
203 650 286 713 ultio
300 668 387 726 esse,
399 669 467 715 nou
477 652 656 716 crudelitas
668 652 850 717 videretur:
872 671 958 715 nunu
973 652 1105 734 culpam
1120 670 1191 717 ma-

95 749 343 832 jorumposteri
358 752 459 828 luere,
473 754 531 835 qui
547 772 587 815 ne
601 751 754 816 viderant
772 753 904 835 quidem
920 750 1089 826 Miletum,
1105 754 1189 819 adeo

97 849 212 916 Xerxi
229 871 295 915 non
320 859 499 935 potuerant
521 855 671 937 prodere.
713 853 768 917 36.
791 853 874 917 lude
889 853 1051 936 prooessit
1064 853 1107 917 ad
1121 853 1190 919 Ta·

99 952 193 1016 nain*
207 970 349 1017 amnem.
372 952 451 1031 Quo
460 954 645 1037 perductus
652 963 706 1019 est
715 956 847 1020 Bessus
857 974 922 1018 non
933 956 1063 1019 vinctus
1077 956 1189 1032 modo,

98 1053 158 1118 sed
173 1055 274 1117 etiam
287 1055 379 1117 omni
393 1056 579 1122 velamento
593 1056 746 1140 eorporis
762 1058 936 1139 spoliatus.
981 1056 1189 1139 Spitamenes

97 1172 171 1218 eum
185 1156 320 1219 tenebat
334 1155 425 1219 eollo
435 1156 557 1220 inserta
571 1162 714 1237 catena3
737 1166 805 1221 tam
820 1158 982 1234 barbaris,
997 1176 1095 1240 quam
1112 1156 1190 1221 Mn-

97 1256 278 1321 oedonibus
287 1262 412 1338 gratum
426 1259 668 1341 spectaculum.
710 1257 764 1324 37.
785 1259 873 1323 Tum
888 1258 1109 1341 Spitamenes,
1136 1264 1189 1322 ‘et

98 1357 164 1435 te,'.
173 1358 295 1441 inquit,
317 1362 371 1422 ‘et
385 1359 525 1423 Darium
539 1380 634 1441 reges
647 1380 744 1424 meos
758 1359 860 1437 ultus,
875 1358 1115 1425 interfectorem
1131 1359 1190 1423 do·

98 1457 179 1522 mini
202 1460 257 1525 sui
276 1461 415 1538 adduxi,
440 1480 482 1525 eo
504 1461 606 1526 modo
626 1470 772 1544 captum,
787 1461 884 1544 cujus
898 1462 971 1543 ipse
984 1461 1064 1525 fecit
1076 1480 1189 1527 exem

97 1560 216 1641 plum)¹
247 1560 388 1644 Aperiat
401 1563 519 1628 adhoc
533 1564 761 1645 spectaculum
776 1563 894 1627 oculos
909 1562 1043 1627 Darius.
1087 1562 1189 1627 Exiso

97 1666 148 1724 tat
161 1662 206 1725 ab
220 1662 349 1741 Inferis,
358 1664 416 1747 qui
429 1664 486 1728 illo
502 1665 669 1747 supplicio
682 1663 838 1747 indignus
851 1664 926 1741 fuit,
940 1671 973 1729 et
986 1662 1051 1728 hoe
1067 1664 1189 1729 solutio

97 1761 217 1844 dignus
231 1763 305 1829 est!
346 1763 411 1828 88..
421 1763 623 1843 Alexander,
631 1766 769 1831 multum
783 1764 971 1829 collaudato
984 1764 1188 1847 Spitamene,

96 1882 277 1929 conversus
290 1865 334 1930 ud
351 1866 508 1942 Bessum,
530 1865 681 1950 ‘Cujus,’
698 1867 817 1950 iuquit,
841 1865 943 1929 ‘ferae
958 1866 1071 1929 rabies
1086 1884 1188 1928 occu·

96 1964 195 2046 pavit
208 1968 350 2030 animum
367 1973 470 2044 tuum,
484 1985 559 2032 cum
569 1986 679 2048 regem
688 1967 730 2030 de
746 1972 778 2030 te
794 1966 922 2047 optime
936 1966 1085 2029 meritum
1096 1965 1188 2047 prius

95 2064 230 2140 vincire,
251 2050 374 2129 deinde¹
391 2066 544 2131 occidere
564 2066 776 2131 sustinuistil
820 2066 887 2129 Sed
902 2063 1003 2146 hujus
1018 2066 1189 2147 parricidii

95 2165 283 2229 mercedem
294 2166 380 2229 falso
395 2168 483 2249 regis
501 2168 631 2234 nomine
648 2164 882 2250 persolvisti*
924 2166 978 2230 39.
1002 2166 1055 2229 Ibi
1069 2166 1126 2229 ille
1140 2168 1191 2231 fa·

96 2267 193 2330 cinus
204 2284 346 2348 purgare
360 2286 427 2332 uon
442 2287 563 2347 ausus3
586 2269 693 2351 ‘regis
704 2268 835 2332 titulum
849 2286 887 2330 se
901 2266 1102 2348 usurpasse'
1113 2266 1189 2331 dix·

94 2371 136 2445 it,
159 2372 213 2431 ‘ut
234 2375 365 2448 gentem
390 2388 486 2434 suam
501 2370 629 2437 tradere
649 2370 715 2453 ipsi
730 2369 858 2452 possit;
881 2368 938 2450 qui
954 2368 984 2431 si
998 2377 1190 2449 cessasset:

128 2546 142 2581 ¹
160 2550 209 2599 Sed
219 2557 246 2601 tu
255 2551 325 2612 ludat
334 2552 429 2601 rubris
437 2554 618 2613 armarius
628 2555 757 2621 urrspuuti,
768 2568 847 2616 nempe
858 2568 945 2605 cunm
954 2554 1018 2616 regis
1028 2553 1132 2602 titulun.

130 2611 139 2645 l
153 2613 183 2662 Si
193 2614 306 2674 idsocere
316 2616 457 2667 distulisset.

582 2698 640 2719 0000
643 2697 729 2717 unu

94 2796 123 2838 et
144 2790 228 2854 Bm.
254 2790 360 2853 babent,
385 2806 473 2855 umque
488 2794 560 2841 nm.
592 2792 667 2841 Voss.
687 2796 711 2841 2.
732 2793 829 2845 omittit
849 2794 988 2841 moda-su
1015 2791 1063 2847 Qut
1084 2792 1109 2839 in
1127 2791 1189 2851 ipsos

94 2854 173 2904 Voss.
190 2859 215 2904 Β.
240 2856 308 2905 Dru.
325 2862 353 2905 et
372 2857 430 2906 Pal.
450 2862 474 2906 1.
490 2860 548 2905 odeo
565 2861 591 2905 et
606 2856 703 2913 Xerxe·
719 2857 834 2906 Florent.
852 2856 925 2905 Laid.
943 2857 1016 2904 Voss.
1038 2860 1060 2904 l.
1079 2858 1103 2902 2.
1121 2854 1188 2901 Mer.

92 2916 157 2967 Bas.
174 2919 231 2968 Col.
249 2925 277 2968 et
295 2918 354 2969 Ald.
371 2920 422 2969 ideo
436 2926 459 2969 et
476 2920 564 2969 Xerxi.
597 2920 693 2969 Faucb.
707 2935 753 2969 aon
767 2924 951 2983 poterunt-td
968 2920 1041 2967 Voss.
1061 2920 1085 2965 2.
1100 2932 1188 2978 preces-

91 2982 127 3029 sit
137 2983 169 3030 od
181 2982 210 3031 T.
237 2984 310 3032 Voss.
322 2988 345 3033 1.
356 2986 380 3032 2.
401 2983 468 3032 Dan.
480 2982 558 3032 Frob.
572 2983 632 3032 Ald.
643 2984 726 3032 Culin.
740 2984 842 3047 Gryph.
859 2984 927 3033 Mer.
943 2984 1004 3031 Bas.
1021 2992 1048 3030 ot
1060 2982 1116 3030 Col.
1134 2995 1189 3041 pro·

93 3046 186 3094 ductat.
218 3047 293 3097 Voss.
308 3050 334 3096 2.
348 3046 440 3096 inmte
455 3048 514 3096 collo
530 3052 629 3103 cotenu:
645 3047 785 3097 Pilumno
800 3049 912 3097 insertum
928 3052 1040 3095 euenum.
1074 3044 1188 3093 Floreat.

93 3108 170 3159 Leid-
181 3110 256 3159 von.
266 3116 289 3161 l.
301 3119 329 3160 et
340 3110 407 3159 Dan.
414 3117 512 3173 mam
522 3114 781 3174 ‹samareum—³⁷
801 3112 895 3161 Faueb.
918 3111 1059 3170 Adupsriut.
1076 3109 1151 3157 Voss.
1163 3112 1188 3157 2.

92 3172 197 3235 Aperiat
213 3175 257 3223 boc
271 3190 307 3238 sp.
325 3175 471 3227 omissood.
501 3176 576 3224 Voss.
589 3180 614 3224 2.
630 3177 707 3224 oculos
717 3176 915 3225 Doriusexistut.
949 3170 1187 3222 Florentetlaeid.

94 3237 207 3286 Exsistit
215 3255 226 3296 ,·
242 3240 324 3303 Βοῦς.
337 3243 359 3288 l.
371 3255 386 3289 a
397 3254 493 3289 unm.
510 3239 622 3289 Exertot.
654 3240 728 3288 Voss.
748 3243 770 3288 l.
788 3244 811 3287 et
826 3239 855 3287 ub
868 3238 968 3293 nouem
985 3236 1108 3293 Heinsius
1120 3235 1190 3296 conj.

92 3302 135 3351 ted
145 3302 188 3350 loo
197 3304 356 3352 „tatia-ss
372 3304 448 3353 Voss.
459 3306 483 3351 2·
499 3306 523 3351 et
534 3302 618 3352 atauo
628 3303 739 3352 ooeidere.
772 3302 829 3351 Pal.
845 3307 867 3351 l.
881 3300 977 3351 omittit
994 3300 1058 3359 regu
1076 3305 1136 3347 ante
1147 3312 1189 3344 nn·

92 3366 166 3414 ariae.
194 3365 326 3415 Acidaliae
337 3367 404 3430 conj.
418 3367 552 3429 persolvisti
562 3366 615 3414 tibi.
647 3366 702 3423 flle,
712 3368 753 3426 tro.
765 3380 840 3428 quam
853 3366 919 3427 conj.
930 3363 1056 3427 probante
1069 3360 1190 3423 Heinsio,

94 3430 199 3492 recepit
213 3431 373 3479 Bolbe—tit
389 3432 443 3479 Pro
466 3431 535 3493 vulg.
556 3444 669 3492 ωροτε
690 3430 806 3478 Freinsb.
822 3429 895 3477 malit
911 3440 1052 3489 usurpusm
1071 3424 1138 3487 quod
1155 3440 1189 3479 err

2 3510 8 3517 ’
92 3493 204 3543 Tbeoct.
219 3494 334 3557 reposuit
351 3494 508 3544 Senmteder.
541 3494 652 3542 Vocat.
671 3493 846 3542 omittitsuom
865 3497 1034 3555 postgentem.
1068 3488 1149 3551 Lugd.
1160 3495 1189 3538 et

93 3556 183 3607 Amat.
199 3564 288 3621 met,
301 3558 427 3622 probante
444 3558 544 3634 Bothe-3
562 3558 606 3607 red
626 3558 740 3607 Florent-
752 3558 827 3607 Voss.
840 3561 863 3605 l.
874 3560 898 3605 2.
911 3555 981 3604 Dan.
991 3554 1086 3618 aliique
1104 3552 1190 3617 pouit.

587 3683 693 3735 Nom

127 3780 622 3844 'Adfcmoirr1vorrus'l'noaim3prius
661 3780 784 3839 ductum
801 3784 829 3829 et
848 3779 924 3842 paulo
944 3777 1020 3827 aliter
1035 3778 1102 3825 bane
1114 3774 1189 3823 Bessi

92 3858 165 3910 eulrn
176 3856 335 3908 Maracanda
344 3856 621 3922 murmurosorum
662 3856 735 3919 capti
756 3854 886 3903 historiam
912 3851 1085 3916 persequitur,
1106 3858 1135 3899 ut
1159 3856 1188 3897 et

92 3932 247 3996 attingeret,
255 3942 284 3982 ut
294 3947 328 3981 ox
339 3931 449 3982 Arriano
460 3938 572 3981 constat.
590 3930 622 3979 ln
662 3930 804 3980 Diodorus.
1172 3959 1177 3977 .

91 4012 190 4062 itinere
201 4024 273 4074 ergo,
283 4025 335 4059 non
351 4010 384 4059 ad
398 4008 505 4058 durium
519 4008 622 4058 dentum
693 4014 705 4039 ¹¹
723 4003 873 4067 Exmuplum]
892 4004 956 4053 cnm
968 4000 1077 4051 Dariunr
1088 3998 1187 4048 eatenis

92 4086 289 4151 agentillessus
299 4086 407 4136 sistitur.
435 4084 537 4146 Cum]
549 4084 622 4133 Idem
661 4081 776 4131 vinetum
789 4094 836 4143 per
847 4092 968 4129 summanr
981 4075 1100 4139 injuriam
1113 4081 1139 4123 et
1150 4074 1190 4137 ip·

92 4170 189 4213 auctor
209 4176 241 4211 ex
263 4162 407 4211 Ptolemae
425 4166 454 4209 et
473 4158 623 4209 Aristobulo
662 4156 800 4207 nominiarn
812 4156 929 4218 abduxit,
936 4152 981 4204 lib.
990 4167 1017 4203 v.
1025 4166 1084 4215 cap.
1094 4154 1119 4199 7.

92 4235 178 4287 refert
198 4236 312 4302 capistro
333 4236 447 4286 vinctum
467 4233 547 4284 fnisse
564 4247 621 4296 per·
