2925 4867
369 399 499 450 suurn.
522 399 566 448 ru
587 402 620 461 o.
643 399 819 452 ouurrun
846 401 916 448 nra.
941 400 981 450 ιι.
1159 387 1223 452 lll

139 540 302 602 clearchum
314 559 382 612 cum
405 540 605 622 qnadraginta
618 542 710 602 lerure
734 541 967 621 manipularibus
986 543 1171 612 amisissentr
1193 553 1223 604 et

137 635 225 697 hostes
238 655 308 696 oum
319 647 404 697 tants
423 637 618 718 trepidatione
642 649 839 712 recesserunt,
853 649 887 700 nt
911 651 1069 720 angustum
1092 653 1222 720 pontem,

137 751 212 814 quem
235 731 274 792 ad
298 733 409 793 lorsam
430 733 628 814 superandum
651 745 888 807 construxerunt,
902 734 1060 796 multitudo
1083 735 1225 796 testinan-

135 829 198 888 tium
211 828 331 909 ruperit,
344 829 379 888 iis
398 828 451 908 qui
471 829 697 910 superstiterunt
719 833 749 890 in
773 849 906 910 preceps
931 830 1095 892 devolutis:
1119 833 1166 892 15.
1188 849 1224 890 ex

135 925 233 1002 quibus
253 922 390 984 nonnulli
413 943 433 984 a
455 924 517 985 suis
536 925 703 987 conculcati
726 925 919 994 interierunt;
942 925 1016 988 alios
1041 925 1224 987 Macedones

134 1038 168 1080 ex
187 1020 334 1100 superiore
360 1017 427 1080 loco
451 1021 518 1082 telis
538 1021 705 1081 continere:
727 1019 824 1092 multi,
853 1021 961 1100 quibus
989 1021 1048 1081 ista
1071 1020 1224 1082 calamiten

134 1126 305 1194 pepercerat,
316 1114 372 1174 sub
385 1114 452 1194 ipsa
464 1116 546 1176 urbis
558 1128 646 1195 porta
667 1134 771 1176 necem
794 1115 985 1178 invenerunt:
1008 1118 1116 1198 qnippe
1130 1127 1226 1177 exter-

133 1210 191 1269 ritis
211 1210 358 1285 omnibus,
382 1211 640 1291 metuentibusque
660 1229 700 1272 ue
724 1227 786 1271 una
813 1210 994 1274 Macedones
1022 1213 1225 1292 irrumperent,

132 1316 212 1387 porta
233 1323 418 1387 prrepmpere
441 1304 573 1379 occlusa,
587 1324 727 1386 magnam
750 1304 964 1386 oppidanorum
981 1319 1095 1389 purtem
1110 1308 1148 1367 ad
1162 1311 1223 1368 exi-

132 1403 200 1462 tium
212 1401 291 1464 hosti
304 1401 435 1464 trudidit.
479 1405 528 1464 16.
543 1404 624 1462 luter
635 1402 702 1463 hmo
711 1402 876 1483 Ephialtes,
890 1422 949 1464 non
964 1423 1017 1483 spe
1032 1403 1125 1483 magis
1136 1422 1225 1484 quum

131 1498 332 1578 desperatione
345 1499 548 1574 formidabilis,
560 1518 628 1562 oum
649 1498 739 1578 regiis
752 1499 887 1559 ferociter
901 1497 1078 1559 dimicabat:
1100 1510 1130 1559 et
1145 1500 1225 1560 auci·

131 1594 219 1675 pitem
232 1594 352 1655 lecisset
364 1596 527 1669 victorium,
542 1596 573 1656 ni
586 1595 790 1657 laborantibus
805 1594 867 1654 suis
881 1595 1010 1656 seniores
1026 1595 1226 1658 Macedonum

129 1702 242 1752 mature
254 1686 493 1754 succurrissent}¹
533 1691 601 1752 liin
616 1690 722 1751 castris
736 1690 922 1751 habebantur
945 1690 1089 1750 irumnues
1104 1709 1226 1770 operum

128 1786 391 1867 periculorumque,
405 1789 462 1848 nisi
474 1787 525 1848 ubi
549 1788 714 1850 necessitas
737 1788 877 1867 exigeret,
891 1805 959 1847 cnm
984 1786 1137 1866 stipendiis
1150 1805 1227 1866 prse-

129 1881 252 1962 miisqne
264 1883 453 1945 nihilominus
467 1885 701 1966 perfruerentur:
722 1893 890 1944 meruerunt
904 1901 972 1942 eum
988 1883 1131 1942 honorem
1145 1883 1227 1943 lorti·

127 1980 186 2038 bus
199 1979 294 2055 iactis,
312 1991 344 2040 et
357 1982 413 2041 sub
428 1982 626 2061 superioribus
646 1981 765 2060 regibus
790 1981 915 2058 ipsoque
928 1977 1099 2038 Alexandro
1113 1976 1227 2039 bellicis

128 2074 279 2137 laboribus
292 2086 382 2138 astate
395 2088 512 2140 exacta.
556 2081 604 2139 1⁷.
625 2078 733 2138 licum
747 2095 818 2138 snos
833 2073 970 2156 periculis
985 2074 1101 2134 territos
1115 2070 1228 2134 detrec·

126 2181 192 2232 tare
206 2191 346 2252 pugnem,
356 2183 388 2235 et
399 2173 530 2254 receptui
540 2174 639 2236 locum
652 2172 876 2251 circumspicere
890 2168 1098 2248 intelligerent,
1104 2168 1228 2230 Atheria

126 2264 259 2349 quodam
273 2267 368 2340 duce,¹
379 2269 408 2329 in
423 2270 647 2351 primamaciem
657 2269 834 2350 provolant3
855 2284 1041 2344 accensoque
1052 2264 1132 2344 qnod
1146 2263 1227 2324 eluu·
1252 2269 1270 2342 '¹

126 2374 234 2442 gnernt
248 2363 358 2444 proelio,
367 2365 500 2444 juniores
519 2365 658 2427 conviciis
679 2375 711 2428 et
729 2362 842 2444 pudore
861 2361 967 2442 flagitii
980 2360 1019 2423 ad
1034 2360 1227 2424 resumendus

127 2457 246 2522 animos
266 2460 457 2542 compellunt.
502 2463 549 2523 18.
571 2462 617 2523 lta
636 2459 724 2522 simul
738 2459 881 2522 acerrimo
902 2459 967 2520 nisu
992 2458 1228 2518 incumbentibus

124 2556 277 2630 omnibus,
300 2577 368 2618 cum
391 2557 608 2619 emulationem
635 2576 720 2619 sunm
747 2555 877 2618 boetium
904 2553 1021 2617 damnis
1049 2562 1228 2625 exercerent,

122 2665 279 2713 momento
306 2653 447 2734 temporis
475 2652 617 2715 inclinata
643 2653 782 2721 fortunar
816 2649 969 2732 Ephialtes
996 2668 1063 2710 cum
1096 2648 1228 2728 plurimis

123 2749 357 2831 fortissimisque
382 2768 504 2810 suorurn
533 2758 656 2823 cresus,l
680 2749 786 2829 reliqui
817 2749 847 2808 in
871 2748 974 2808 urbem
1005 2744 1115 2825 repulsi
1147 2753 1227 2805 snut.

126 2846 181 2907 19.
203 2847 381 2908 lutroieraut
393 2847 484 2908 etiam
502 2845 703 2908 Macedonum
720 2844 816 2916 multi,
830 2853 862 2904 et
881 2840 1023 2922 oppidum
1043 2841 1072 2901 ri
1092 2843 1229 2921 capieba-

122 2950 198 3013 tnr;
219 2963 288 3004 cum
307 2942 440 3022 receptui
464 2942 531 3003 cani
555 2961 607 3004 rex
626 2942 737 3022 jussit:
759 2941 821 3001 sive
846 2950 879 3000 nt
904 2938 968 2999 urbi
992 2931 1142 3018 parceret,¹
1168 2938 1229 3000 sire

120 3039 276 3122 precipiti
292 3040 355 3119 jam
375 3039 405 3098 in
427 3055 582 3119 vesperum
605 3036 664 3112 die,
687 3046 816 3106 noctem,
838 3046 869 3095 et
890 3032 1023 3094 occultas
1051 3033 1161 3112 ignotis
1185 3034 1230 3093 lo·

118 3137 173 3198 cis
198 3135 323 3196 insidias
347 3134 507 3195 metuebat.
550 3132 616 3193 Hoc
640 3131 774 3212 prealinm
796 3128 961 3210 precipuas
981 3128 1168 3188 obsessorum
1189 3130 1231 3188 vi·

117 3253 176 3294 res
205 3231 380 3292 consumsit.
421 3233 474 3290 20.
495 3229 588 3309 Igitur
609 3227 752 3286 Memnon
771 3239 801 3285 re
822 3242 889 3284 cum
905 3221 1089 3283 Orontobate
1109 3222 1160 3300 qui
1182 3241 1230 3282 ur·

115 3333 198 3390 bem
230 3329 360 3402 tenebat,
383 3326 546 3406 ceterisque
571 3322 697 3384 ducibus
718 3319 909 3390 deliberata,m
937 3326 1023 3377 nocte
1054 3315 1231 3395 intempesta

116 3425 235 3488 turrim
248 3423 378 3505 ligneam
391 3433 422 3483 et
433 3422 577 3502 porticus,
590 3419 642 3480 ubi
654 3418 716 3479 tels
729 3416 932 3486 servabantur,
947 3411 1121 3486 incendunt,
1135 3413 1230 3474 redili-
1359 3451 1361 3456 ·

114 3523 246 3602 eiisque
275 3539 358 3580 muro
379 3518 485 3580 vicinis
503 3517 602 3596 ignem
623 3523 815 3595 supponunt:
835 3529 895 3591 quo
919 3508 1052 3570 celeriter
1075 3521 1231 3589 concepto,

112 3638 198 3682 cunr
215 3627 245 3678 et
258 3636 295 3676 ex
305 3615 466 3696 porticibus
484 3612 616 3692 turrique
628 3612 748 3672 flemma
759 3619 852 3670 rento
866 3605 980 3688 agitate
993 3603 1159 3676 accederet,
1170 3605 1230 3666 late

112 3713 273 3776 fuderunt
298 3709 478 3772 incendium.
517 3711 567 3769 21.
591 3705 817 3788 oppidanorum
844 3701 1026 3780 militumque
1048 3698 1231 3760 validissima

110 3829 200 3893 pars
217 3828 315 3870 arcem
325 3809 355 3867 iu
369 3806 468 3867 insula
490 3805 578 3865 sitem
592 3803 766 3882 occuperitr
789 3799 839 3860 ulii
852 3800 882 3858 in
902 3794 1096 3858 Salmacidem
1112 3813 1144 3854 se
1158 3814 1231 3855 con·

109 3908 246 3968 tulere:
258 3920 271 3945 ¹
291 3903 410 3964 alterius
423 3902 499 3963 arcis
512 3901 544 3961 id
558 3918 677 3972 nomen,
690 3897 816 3958 inditum
830 3894 954 3966 alonte,
968 3893 1018 3971 qui
1035 3891 1074 3952 ibi
1096 3901 1151 3962 est,
1166 3891 1231 3952 vul-

155 4092 446 4159 ·Diod.l.l.p.nrb.
736 4085 862 4136 ¹Arriau.
873 4084 891 4134 1.
902 4083 919 4133 l.

151 4175 161 4207 ⁸
180 4172 265 4223 Curt.
278 4185 305 4221 v.
316 4174 480 4226 metrum.
492 4171 516 4219 1.
527 4172 568 4221 tu.
736 4169 754 4194 ¹¹
771 4159 814 4210 ld.
823 4160 840 4207 l.
851 4159 868 4210 1.
885 4157 965 4208 Diod.
978 4159 1024 4206 1.1.

152 4250 168 4283 ⁸
189 4246 277 4299 Diod.
290 4247 336 4298 l.l.
511 4295 515 4301 ,
738 4233 946 4286 ῃ1Ιίῑιιιιι.ιι.11.
