2925 4867
362 379 491 430 suren.
515 380 556 429 ru
582 381 617 441 Q·
639 379 814 431 ouurruu
840 381 915 432 uin.
939 383 980 432 11.
1152 369 1217 435 135

121 539 169 582 ves
183 539 200 581 e
213 520 379 581 continenti
399 531 622 601 expugnaturos
642 539 730 591 esses
753 540 821 584 nam
842 541 980 604 presaga
993 524 1123 586 victorie
1144 526 1217 601 ales,
1318 567 1321 572 ,

121 635 178 677 nou
192 616 223 676 in
238 618 375 689 navibus,
388 617 443 678 sed
457 618 488 677 in
502 616 600 678 littore
614 619 767 688 constititr
790 638 845 680 nec
858 619 953 700 magis
967 631 1115 694 eventurn,
1127 643 1217 702 quam

121 713 216 774 losum
235 713 369 774 ostendit
385 711 467 776 belli.
511 715 558 774 lt.
579 713 656 776 Nem
675 713 711 788 si,
725 726 760 774 ut
783 715 938 795 coepimus,
952 715 1112 776 maritimas
1131 719 1218 780 urbes

121 810 306 890 nostrijuris
332 811 487 882 efficimus,
513 810 670 870 Persarum
691 810 801 871 elassis
830 811 908 871 ultro
935 811 1099 872 dilabetur:
1121 832 1217 892 neque

119 906 195 966 esim
218 906 467 986 supplementum,
481 918 535 967 unt
556 918 816 980 commutamnus
837 927 951 967 secures
971 907 1057 967 etism
1073 908 1217 970 stationes

118 1002 147 1062 in
162 1014 277 1080 promtu
296 1013 403 1071 erunt3
426 1012 458 1063 et
470 1004 496 1064 si
518 1004 584 1063 baec
603 1004 729 1075 adimas,
742 1023 801 1083 quo
816 1003 883 1082 plus
905 1003 1022 1062 inmari
1046 1003 1158 1065 habent
1172 1005 1215 1063 ri-

118 1097 203 1169 rium,
216 1115 255 1158 eo
267 1098 392 1158 celerius
415 1111 637 1160 consumentur.
679 1102 777 1179 Atque
793 1099 835 1159 sic
858 1098 1045 1178 implebimus
1058 1099 1148 1159 fidem
1168 1119 1219 1160 va·

118 1192 218 1265 ticinii,
231 1191 312 1273 quod
325 1205 413 1256 serere
433 1195 543 1255 tabulm
565 1195 740 1274 inscriptum
765 1215 860 1275 nuper
883 1213 919 1254 ex
933 1193 1064 1274 quodam
1085 1195 1113 1254 in
1130 1195 1219 1275 Lycia

118 1289 200 1348 lonte
220 1289 390 1350 ebullirisse
409 1292 629 1370 comperimus,e
643 1292 754 1353 instare
777 1289 939 1352 terminum
963 1289 1074 1350 Persici
1087 1289 1219 1370 imperii.'

75 1372 86 1384 Χ
121 1387 169 1444 15.
191 1385 237 1445 its
259 1385 406 1446 dimoluts
426 1388 535 1460 classe,
561 1388 689 1449 Pontum
709 1387 940 1466 adjacentesque
961 1386 1058 1446 Ponto
1080 1388 1218 1467 regiones

115 1481 292 1557 praetoribus
306 1483 369 1542 suis
383 1482 587 1561 subjugandae
610 1482 746 1563 reliquit;
768 1484 831 1564 ipse
855 1483 1024 1545 institutum
1048 1485 1104 1544 iter
1118 1503 1218 1566 prose·

114 1586 218 1645 cutus,
237 1578 267 1636 iu
281 1579 399 1639 Cariam
414 1570 550 1638 movitr'
569 1597 639 1638 uam
652 1585 707 1638 ‘eo
721 1597 860 1658 magnam
874 1578 930 1638 vim
945 1579 1074 1640 hostium
1085 1580 1218 1640 conflux-

113 1672 196 1732 isse'
219 1685 408 1752 cognouerat.
453 1677 500 1735 16.
521 1675 640 1756 Quippe
662 1675 893 1736 Halicarnassus
916 1687 1023 1736 nature
1043 1675 1101 1735 loci
1123 1678 1219 1737 muni·

112 1768 242 1841 tissima,
255 1770 424 1852 duplicique
437 1791 506 1831 arce
519 1780 608 1844 tuta,⁸
621 1791 704 1853 spem
719 1773 871 1852 prebebat
885 1771 1092 1846 Macedonem,
1105 1782 1219 1832 torren-

113 1866 157 1925 tis
177 1884 257 1926 ruore
280 1880 425 1940 ruentem,
443 1886 482 1927 ea
503 1870 575 1928 urbe
595 1879 738 1948 tenquem
759 1869 911 1950 crepidine
932 1869 1069 1950 opposita
1090 1867 1220 1930 coerceri

112 1979 218 2041 posse.
258 1962 391 2022 Maxima
410 1962 441 2022 in
456 1962 618 2024 Memnone
637 1983 707 2043 spes
724 1976 800 2038 erat,
815 1965 866 2044 qui
886 1966 986 2026 omnia
1004 1965 1042 2024 ud
1067 1964 1218 2024 serendum
1289 1957 1293 1964 ¹

112 2057 301 2118 obsidionem
314 2069 482 2139 opportuna
492 2079 606 2120 summa
616 2080 688 2122 cura
701 2051 912 2140 preparabat*
957 2063 1003 2120 17.
1025 2061 1127 2139 Nuper
1141 2061 1218 2120 enim

111 2172 135 2212 a
151 2152 243 2214 Dario
256 2156 409 2216 maritima
423 2175 485 2216 orm
497 2156 648 2234 totiusque
660 2155 768 2216 classis
781 2165 890 2236 pretor
904 2165 1020 2216 creatus
1035 2164 1108 2215 erat.
1140 2155 1218 2214 Nem

111 2249 342 2310 bomocsllidus
351 2261 573 2331 temporumque
580 2250 723 2332 prudens,
731 2269 798 2311 cum
811 2269 853 2322 se,
866 2270 968 2311 omnes
978 2249 1115 2310 Persicos
1127 2249 1219 2312 duces

111 2344 231 2406 bellicis
245 2347 357 2408 artibus
370 2359 570 2428 superantem,
585 2367 675 2408 uuam
696 2349 735 2407 ob
748 2367 870 2407 causam
883 2347 960 2406 iulia
972 2347 1109 2408 meritum
1124 2347 1218 2408 hono-

111 2439 174 2502 rari
188 2440 376 2521 intelligeret,
388 2443 470 2523 quod
485 2443 613 2504 Grocus
632 2462 752 2522 genere,
767 2454 799 2503 et
815 2443 884 2504 olim
906 2442 1113 2504 Macedonicae
1128 2444 1218 2522 regim

110 2539 227 2617 hospes
241 2537 280 2598 de
292 2539 457 2618 proditione
470 2556 629 2620 suspectus
643 2540 745 2600 heberi
759 2550 892 2620 poternt3
914 2558 1036 2599 uxorem
1047 2557 1130 2598 suam
1146 2539 1218 2598 libe·

110 2653 225 2713 rosque
249 2632 289 2694 ed
313 2635 437 2696 Durium
460 2637 559 2709 misit·
579 2635 665 2716 quusi
686 2635 725 2696 de
752 2635 909 2696 securitate
934 2634 1051 2694 illorum
1075 2633 1220 2708 solicitus,

111 2749 218 2791 revera
232 2741 266 2790 ut
279 2730 326 2791 bis
339 2731 423 2793 velut
438 2731 593 2793 obsidibus
612 2732 750 2792 fiduciam
764 2733 843 2812 regis
864 2730 1017 2811 obligsret.
1062 2733 1110 2791 18.
1131 2730 1220 2789 Cete-

110 2845 179 2886 rum
208 2827 390 2901 Alexander,
412 2829 531 2889 Cariam
558 2829 769 2908 introgressus,
796 2827 895 2888 omnia
921 2827 998 2887 inter
1025 2825 1161 2886 Miletum
1190 2837 1220 2886 et

112 2923 362 2985 Halicarnassum
387 2922 500 3005 oppida
530 2923 610 2984 brevi
638 2924 669 2982 iu
702 2933 879 3004 potestatem
906 2921 1031 3001 redegit.
1074 2920 1219 3001 Pleraque

109 3022 192 3082 enirn
216 3019 333 3081 Grmcis
356 3020 463 3082 incolis
484 3020 703 3092 habitabantur,
719 3019 829 3100 quibus
851 3018 1064 3079 immunitatem
1090 3037 1219 3097 suasque

109 3117 195 3197 leges
210 3118 366 3176 restituere
378 3127 584 3189 consueverat,
597 3123 606 3150 ⁴
618 3119 657 3177 ob
671 3116 841 3176 liberandos
856 3133 908 3174 eos
923 3115 952 3174 in
968 3114 1071 3173 Asiam
1085 3113 1222 3175 senisse’
1254 3159 1259 3174 .

110 3206 294 3293 professus.¹
338 3215 385 3273 19.
418 3211 523 3292 Neque
545 3212 689 3274 minorem
711 3232 780 3273 mox
802 3232 822 3271 a
841 3210 971 3270 barbaris
995 3210 1061 3270 iniit
1084 3209 1220 3289 gretiam,

108 3311 240 3372 comiter
251 3321 378 3389 excepta
390 3308 476 3382 Ado,¹
489 3310 561 3389 regii
581 3311 699 3390 generis
716 3309 850 3374 muliere.
866 3326 934 3386 quse
955 3306 1008 3366 iter
1033 3325 1084 3385 per
1103 3325 1139 3365 ea
1154 3307 1219 3366 loen

109 3407 272 3468 facientem
287 3414 476 3476 convenerat,
490 3405 629 3485 illiusque
643 3403 732 3466 fidem
754 3404 916 3484 implorans
931 3402 980 3462 ‘in
994 3419 1119 3479 regnum
1133 3401 1219 3461 resti·

110 3504 173 3564 tui’
197 3513 343 3563 oraverat.
386 3501 463 3560 Nam
491 3501 695 3562 Hecatomnus
720 3499 818 3562 Carisi
844 3519 896 3560 rex
919 3507 981 3560 tres
1005 3498 1082 3558 filios
1105 3496 1218 3568 habuit,

111 3601 191 3658 duas
204 3598 300 3658 filias:
321 3597 477 3676 exquibus
491 3596 637 3656 maximus
660 3592 731 3656 u'etu
753 3595 908 3656 Mausolus
920 3594 1105 3654 Artemisium
1125 3593 1219 3652 duxe-

111 3709 177 3756 rat:
200 3695 297 3756 minor
309 3713 347 3754 ex
358 3695 507 3753 sororibus
516 3691 586 3753 Ada
598 3692 679 3752 fratri
695 3692 818 3752 Hidrieo
833 3691 945 3770 nupsit.
986 3693 1036 3749 20.
1058 3687 1117 3748 Sed
1130 3688 1219 3746 Mau·

110 3791 182 3851 solo
195 3791 316 3872 quidern
329 3808 412 3849 soror
425 3789 590 3869 eademque
603 3789 712 3868 conjux
728 3788 884 3858 successit,
898 3803 978 3846 more
994 3784 1101 3866 gentis,
1115 3801 1174 3862 quo
1188 3784 1219 3842 in

154 3991 250 4042 ‘Plus
262 3991 447 4054 Alempots.
724 3986 1090 4040 ¹'Diud.l.l.Arrlru.r.sl.
1141 3979 1143 3984 '

154 4063 163 4096 ¹
178 4066 280 4117 Arrisu.
293 4081 312 4116 r.
325 4071 367 4116 21.
387 4067 465 4115 ntor.
478 4078 550 4115 surr.
560 4069 650 4129 psit.
723 4064 730 4097 ¹
747 4063 828 4114 Diod.
840 4065 857 4116 1.
869 4065 886 4113 l.

156 4148 169 4183 ί
181 4141 267 4192 Strsb.
281 4157 344 4194 xrv.
356 4157 383 4207 p.
393 4147 452 4192 651.
470 4141 572 4191 vitruv.
589 4156 615 4191 u.
627 4146 650 4190 8.
723 4138 736 4172 ¹¹
752 4139 794 4188 ld.
806 4139 823 4187 1.
836 4139 853 4188 l.

120 4218 201 4270 Diod.
212 4219 256 4270 ll.
723 4213 731 4246 ¹
747 4213 788 4264 ld.
800 4214 817 4262 l.
829 4214 845 4262 1.
860 4211 945 4263 Strsb.
958 4211 998 4262 1.1.
1011 4208 1114 4262 Arrisu.
1127 4223 1145 4261 r.
1157 4214 1197 4260 21.
