2925 4867
360 411 489 461 suren.
508 400 553 461 ur
577 414 614 474 o.
635 402 812 462 corutum
840 415 910 464 urs.
934 417 959 464 1.
1163 383 1207 462 '87

113 549 135 607 si
158 550 263 610 'alienis
283 551 435 612 laboribus
460 563 541 614 tutos
564 567 618 614 vos
640 556 701 615 fore
716 565 889 635 persuasum
904 557 1031 628 habetis,
1052 561 1154 617 verbor
1168 573 1206 615 ue

111 655 287 726 magnopere
297 648 494 728 decipiamini.
522 651 639 710 Etenim
648 651 743 730 (quod
754 650 920 728 abominor)
932 651 1071 732 Philippo
1082 651 1205 724 victore,

112 741 157 798 cui
168 739 291 802 dubium
301 749 364 815 est,
378 745 448 824 quin
461 764 557 824 neque
572 756 636 818 vos,
654 753 751 825 neque
762 749 916 827 quisquam
929 747 1100 808 Grecorum
1119 744 1208 806 liber·

111 847 197 896 tatem
212 839 289 898 tueri
298 840 443 919 possitis?
457 846 537 920 (nam
550 843 579 901 iu
590 843 648 902 tide
662 843 789 922 Philippi
805 843 928 903 multum
944 859 1094 924 reponere,
1106 861 1208 902 eorum

112 934 218 1011 estqui
231 939 327 1015 petire
340 939 433 998 'velint
444 940 467 1013 ι)
507 936 558 1000 23.
579 949 611 998 at
630 940 655 998 si
673 951 730 998 uos
745 939 874 999 Victoria
888 941 1057 1020 respexerit,
1076 939 1148 1018 quid
1169 936 1207 998 ab

111 1026 286 1104 hominibus,
306 1052 382 1112 qnos
401 1036 430 1094 irr
456 1045 586 1094 extremo
611 1033 718 1095 salotis
740 1049 830 1115 atque
856 1035 1011 1117 dignitatis
1034 1024 1206 1096 ‘discrimine

111 1122 307 1201 deserueritis,
328 1131 543 1210 expectandum
566 1132 650 1206 robis
671 1132 793 1211 putetis,
815 1131 1012 1193 considerate.
1053 1132 1105 1193 24.
1128 1128 1208 1190 Nam

109 1238 303 1304 quercumque
326 1227 410 1286 vobis
434 1227 583 1286 sententia
604 1227 723 1297 sederit,
745 1227 977 1287 Atheniensibus
1003 1238 1082 1288 certe
1106 1225 1207 1286 omnia

109 1320 241 1394 experiri,
261 1337 360 1402 neque
384 1324 549 1384 libertatem
570 1318 652 1404 prius
674 1343 762 1403 quam
786 1325 876 1383 vitam
896 1325 1031 1384 amittere
1056 1322 1207 1384 decretum

108 1423 162 1472 est.
204 1417 383 1497 Quanquam
405 1420 495 1478 etiam
517 1419 627 1477 viribus
650 1437 711 1477 non
726 1419 909 1479 diffidimus:
931 1419 1038 1499 quibus
1053 1419 1078 1478 si
1093 1426 1206 1478 vestras

108 1511 236 1585 sociatis,
246 1516 399 1594 conjuncti
412 1516 517 1595 utique
532 1517 696 1596 superiores
709 1519 819 1575 erimus
833 1516 924 1586 hosti,
937 1519 984 1576 cui
996 1514 1105 1595 singuli
1119 1525 1206 1593 pates

107 1613 173 1665 esse
184 1628 358 1688 possumus.
406 1615 455 1672 25.
478 1613 546 1672 Non
560 1613 729 1690 ignoramus
744 1612 905 1692 potentiam
920 1611 983 1690 ejus
998 1609 1206 1682 Athenienses,

107 1722 193 1778 quarn
208 1705 281 1766 olim
295 1719 468 1768 nascentem
483 1718 749 1786 augescentcmque
773 1705 980 1786 previdimus3
1003 1715 1043 1776 et,
1059 1706 1084 1764 si
1099 1704 1207 1764 ceteris

105 1797 281 1861 Groecomm
302 1803 409 1864 eedem
430 1823 515 1863 mens
538 1804 653 1876 luisset,
677 1821 922 1883 praecaveremus.
972 1803 1022 1861 26.
1044 1799 1105 1859 Diu
1127 1799 1207 1860 enim

105 1894 215 1956 bellom
239 1916 307 1957 cum
326 1918 362 1960 eo
386 1901 544 1979 gestimus,
564 1919 623 1958 non
650 1899 687 1960 de
710 1899 891 1981 Amphipoli,
915 1909 967 1958 aut
987 1896 1153 1968 Haloueso,
1174 1902 1208 1956 ut

104 1991 256 2074 plerisque
279 1997 464 2068 credebatur,
485 1995 538 2057 sed
561 2015 615 2075 pro
635 1997 731 2056 salute
746 2006 777 2055 et
790 1995 926 2055 libertate
941 1991 1088 2054 Groeciae:
1110 1991 1206 2052 donec

105 2087 244 2149 destituti
258 2092 296 2151 ab
310 2092 456 2165 omnihus,
478 2111 496 2152 a
517 2091 668 2152 nonnullis
681 2091 771 2150 etiam
787 2089 961 2171 oppugnati,
982 2097 1087 2168 pacem
1102 2105 1207 2147 neccs-

11 2266 14 2278 .
104 2186 211 2245 sariam
235 2188 330 2267 megin
353 2207 441 2268 quarn
464 2189 619 2250 honestam
644 2189 778 2247 lecimus.
820 2187 870 2247 27.
893 2183 953 2246 Sed
975 2195 1065 2257 nunc,
1087 2183 1207 2263 opinor,
1275 2239 1280 2248 ,

103 2291 216 2357 praeses
241 2284 317 2343 ercis
339 2290 450 2344 nonore
472 2285 618 2358 Minerva,
637 2293 668 2345 ct
691 2283 800 2364 Apollo
826 2281 950 2363 Pythius
975 2281 1100 2360 patrium
1121 2276 1207 2340 nobis

103 2387 226 2451 numen,
246 2381 398 2461 ceterique
411 2381 584 2442 Groeconrm
601 2381 650 2443 Dii
665 2388 846 2461 'aperuerunt
859 2379 974 2450 oculos,
994 2389 1026 2439 et
1048 2379 1079 2436 in
1093 2375 1210 2436 vindic·

102 2480 162 2534 t‘am
187 2475 279 2534 aritae
300 2475 447 2537 libertatis
471 2466 648 2557 populorum
673 2495 794 2536 suorum
821 2477 935 2536 animos
957 2475 1100 2535 excitant.
1156 2473 1214 2558 28.Ι

101 2569 190 2630 Certe
215 2569 377 2632 Herculem
398 2593 459 2633 non
473 2574 538 2634 siue
550 2574 757 2652 indignatione
772 2575 861 2632 verba
875 2573 1040 2650 legatorum
1054 2567 1207 2629 audivisse

103 2659 240 2740 arbitror,
261 2665 400 2748 Philippo
422 2671 543 2749 stirpem
565 2672 604 2730 ab
627 2670 680 2729 illo
706 2669 772 2730 Deo
797 2669 1000 2749 repetentium.
1051 2663 1207 2725 llle·enim

102 2775 253 2840 agnoscat
273 2764 356 2824 Deus
376 2767 508 2826 omniurn
526 2766 703 2845 religionum
729 2771 960 2830 contemtorem
982 2761 1119 2830 Graecus,
1139 2759 1208 2818 Ma-

102 2858 269 2926 cedonemt
290 2867 459 2939 tyrannum,
484 2879 563 2932 osor,
585 2861 714 2942 punitor,
736 2861 897 2940 extirpator
918 2857 1104 2940 tyrannidis!
1156 2856 1208 2917 29.

103 2953 197 3016 Nullo
218 2955 299 3014 enim
320 2955 379 3015 allo
401 2963 575 3036 argumento
589 2957 715 3017 clariora
729 2962 801 3015 sunt
819 2954 955 3015 Herculis
978 2971 1087 3032 opera:
1110 2951 1205 3011 atille

101 3051 254 3112 Graeciam
267 3050 421 3112 dominatu
434 3057 561 3132 premit:
583 3052 761 3131 quibusdam
777 3053 864 3124 etiarn
879 3049 1048 3110 civitatibus
1063 3047 1206 3106 domesti-

101 3166 154 3207 cos
176 3155 322 3227 tyrannos
345 3149 496 3227 imposuit,
518 3149 706 3208 Philistldem
729 3147 821 3219 Oteo,
848 3145 1050 3226 Hipparchum
1074 3143 1206 3215 Eretriae,

102 3243 244 3304 Chalcidi
257 3243 503 3304 Taurosthcnem.
546 3247 595 3305 30.
612 3246 691 3324 Ergo
701 3245 763 3322 jam
780 3242 908 3312 Eubois
924 3240 1036 3310 Achaei,
1051 3239 1208 3310 Corinthii,

102 3337 313 3420 Megetenses,
325 3341 475 3412 leucadii,
489 3342 639 3422 Corcyraei
654 3331 740 3400 nohis
751 3343 874 3400 'sarentr
896 3337 946 3396 atii
961 3337 1107 3396 fortunam
1122 3352 1206 3412 spec-

102 3444 192 3510 tante
212 3446 284 3515 quse
301 3435 447 3496 hactenus
467 3438 587 3497 onmem
602 3436 808 3496 Macedonicae
820 3433 963 3514 potentiae
978 3429 1127 3490 vinculum
1141 3429 1209 3503 luit,

102 3551 163 3610 quo
181 3526 289 3592 leviter
309 3533 444 3612 abrupto,
465 3533 543 3594 ultro
563 3532 720 3593 dilabetur.
764 3533 813 3592 31.
836 3530 953 3610 Quippe
967 3525 1113 3597 Thessali,
1128 3525 1207 3586 unde

102 3627 243 3709 Philippo
256 3627 348 3688 robur
360 3630 509 3708 equitatus
524 3639 593 3701 esta
606 3630 753 3688 nemiuem
765 3642 897 3705 uuquam
914 3623 964 3682 diu
979 3625 1078 3682 fovere
1091 3643 1098 3679 :
1114 3621 1205 3699 lllyril

102 3725 255 3805 ceterique
266 3716 477 3784 Macedoniarn
492 3724 660 3785 accolentes
674 3724 801 3795 barbari,
823 3739 947 3800 quorum
958 3733 989 3778 et
1003 3727 1108 3776 nature
1123 3717 1206 3776 leros

103 3821 295 3890 estunitnus,
315 3827 346 3879 et
358 3819 563 3899 indignatione
576 3823 702 3881 recentis
725 3819 834 3880 servitii
856 3817 996 3884 irritatus,
1017 3813 1041 3872 si
1064 3811 1207 3892 principia

103 3911 176 3976 belli
190 3915 333 3994 Philippo
347 3918 468 3994 sequius
485 3917 646 3989 evenerint,
658 3916 771 3995 reliqua
785 3932 839 3993 pro
854 3912 940 3971 nobis
956 3909 1124 3972 conficient.
1156 3912 1204 3970 32.

106 4011 275 4073 Vosmodo
293 4012 448 4073 nobiscum
469 4013 574 4072 acriter
595 4014 625 4072 in
647 4013 726 4072 hanc
749 4027 849 4072 curam
870 4005 1046 4066 incumbite:
1069 4005 1206 4085 sepositis

139 4180 306 4231 *Demosth
321 4177 355 4232 de
370 4171 481 4235 Corona.
497 4127 635 4234 Praene·
705 4179 871 4230 ‘Demostln
883 4161 915 4228 ud
930 4175 1045 4242 Philipp.
1057 4165 1166 4239 Epiust
1194 4145 1197 4166 Ι

13 4258 17 4268 ’
106 4255 303 4320 mosth.p.850.
707 4255 964 4308 *tustinvmua
