2925 4867
351 380 482 431 suren.
507 381 548 429 ru
572 382 607 441 o.
630 379 805 430 euersuri
830 381 905 429 uss.
931 381 968 430 ιι.
1141 365 1206 430 149

58 495 66 510 ’
108 521 320 601 turcccnpatis
333 519 427 598 (inter.
445 541 513 602 qnoe
535 532 566 583 et
586 523 767 603 Lampsacus
790 523 898 597 luerat)
912 522 1024 582 insulas
1045 541 1205 603 aggressus

110 625 165 686 est,
178 617 284 696 quibus
306 617 500 689 Macedones,
515 638 684 700 quanquam
698 619 844 698 utrimque
858 619 1021 680 continenti
1035 618 1209 697 potirentur,

109 711 150 768 ob
167 711 294 792 inopiam
308 714 425 774 narium
440 715 584 775 auxilium
600 716 675 776 serre
694 735 754 776 non
773 724 920 796 poterant.
965 715 1015 774 19.
1034 715 1117 776 Juvit
1136 735 1208 776 con·

109 805 204 868 silium
219 808 304 870 ducis
319 811 481 871 animorum
495 811 568 871 mira
581 811 692 892 ubique
705 811 874 880 dissensio;
895 828 974 883 cum,
988 809 1052 870 aliis
1066 809 1105 870 ad
1118 811 1210 872 Alex·

109 902 233 964 andrum
257 905 401 966 libertatis
430 916 581 967 auctorem
606 925 654 968 res
682 905 878 978 trahentibus,
902 924 961 965 non
990 903 1130 967 deessent
1156 908 1208 987 qni

108 998 236 1062 Persicis
255 1004 361 1081 opibus
383 1001 463 1063 ancti
480 1002 628 1084 propriam
651 1004 707 1064 suh
725 1002 874 1064 veteribus
894 1001 1021 1062 dominis
1035 1001 1209 1080 potentiam,

107 1114 198 1174 quam
221 1096 346 1158 liberata
371 1096 525 1177 republica
546 1097 671 1157 eandem
693 1098 824 1157 omnium
848 1097 1048 1176 equalitatem
1076 1097 1207 1158 mallent.

107 1194 161 1249 20.
182 1193 274 1272 igitur
287 1194 494 1274 Athenagoras
516 1202 547 1253 et
567 1193 762 1274 Apollonides
776 1213 812 1254 ex
837 1193 976 1254 Chiorum
995 1192 1209 1272 optimatibus,=

107 1306 144 1346 re
156 1307 221 1347 cum
231 1289 352 1350 Phisino
367 1290 579 1370 Megareaque,
594 1300 624 1349 et
637 1288 702 1349 aliis
717 1309 780 1350 sune
794 1289 931 1349 lectionis
945 1289 1113 1350 hominibus
1126 1307 1211 1350 com·

105 1382 268 1456 manicata,
291 1385 482 1446 Memnonem
505 1395 669 1446 arcessunt.
711 1386 759 1445 lts
781 1382 874 1444 Chius
899 1384 1064 1464 proditione
1085 1386 1208 1466 capitur,

107 1489 143 1539 ct
160 1479 298 1558 praesidio
311 1479 351 1540 ibi
363 1481 521 1553 collocato,
535 1482 713 1541 urbanarum
737 1500 832 1542 rerum
857 1479 1073 1541 administratio
1086 1480 1208 1562 Apollo·

107 1573 171 1635 nidi
185 1575 332 1655 sociisque
347 1576 481 1637 traditur.
524 1577 574 1634 2l.
598 1575 670 1636 Inde
691 1576 818 1636 lesbum
840 1585 943 1655 petens
958 1577 1122 1648 Antissam,
1135 1575 1209 1656 Pyr·

105 1671 191 1730 rhem
210 1683 242 1730 et
255 1673 394 1732 Moesum
417 1672 499 1732 nullo
524 1672 645 1751 negotio
670 1671 795 1752 capite·
815 1670 998 1752 Methymnse
1011 1671 1209 1731 Aristonicum
1268 1715 1272 1722 a

106 1781 266 1845 tyrannum
288 1768 438 1849 imponit,p
451 1778 604 1846 totamque
627 1767 766 1842 insulam,
780 1778 905 1849 excepta
927 1767 1070 1849 Mitylene
1088 1767 1210 1828 nobilis·

108 1862 186 1922 sima
198 1863 280 1935 urbe,
294 1865 324 1923 in
340 1872 519 1943 potestatem
534 1862 654 1942 redigit.
695 1866 747 1923 22.
770 1862 815 1924 Ea
835 1863 935 1924 multis
959 1863 1064 1924 diebus
1079 1864 1209 1924 obsidio·

106 1979 179 2018 nem
202 1971 373 2019 constanter
394 1957 534 2037 pertulit:
556 1975 612 2017 nec
637 1959 758 2039 abipso
782 1959 943 2019 Memnone
956 1969 1045 2038 capta
1058 1971 1112 2019 est.
1156 1959 1209 2021 llle

108 2056 198 2128 enim,
211 2075 278 2116 cum
288 2054 351 2134 jam
364 2054 481 2132 magnis
495 2054 633 2133 operibus
647 2055 749 2114 urbem
764 2054 1026 2127 circumvallasset,
1040 2065 1070 2114 et
1084 2053 1206 2116 occluso

105 2161 205 2231 portu,
219 2151 397 2230 naviumque
421 2136 674 2228 stationibus'per
701 2159 869 2230 opportuna
892 2148 960 2209 loca
982 2148 1146 2228 dispositis,
1169 2169 1209 2210 ne

106 2267 168 2326 qua
195 2246 327 2306 subsidio
350 2245 536 2306 venientibus
564 2242 664 2305 aditus
690 2253 816 2324 pateret,
842 2243 1037 2324 providisset:
1058 2245 1211 2325 pestilenti

110 2344 215 2403 morbo
240 2351 402 2423 correptus,
429 2341 603 2421 praeclaram
631 2340 789 2399 Persarum
817 2358 911 2420 spem,
932 2339 1113 2421 irreparabili
1141 2361 1208 2403 curn

105 2442 239 2521 ipsorum
253 2439 374 2511 damno,
388 2437 544 2499 deseruit.q
584 2439 635 2498 23.
658 2435 730 2510 Sed,
749 2454 818 2496 cum
838 2455 871 2495 se
889 2435 953 2516 jam
975 2438 1062 2497 morti
1079 2437 1207 2500 ricinum

105 2536 298 2616 intelligeret,
311 2535 502 2595 Pharnabazo
517 2533 627 2594 sororis
649 2551 712 2593 suae
735 2532 805 2604 filio,
820 2549 908 2611 quem
921 2533 1068 2592 Artabano
1085 2551 1208 2612 pepere-

103 2645 162 2705 rat,
176 2632 329 2713 imperinm
345 2651 432 2691 suum
447 2628 580 2701 tradidit,
589 2628 686 2689 donec
701 2627 821 2698 Darius,
832 2646 862 2687 re
876 2631 1038 2706 comperta,
1048 2627 1133 2687 aliter
1147 2639 1209 2688 sta-

103 2738 224 2789 tnerets
262 2730 313 2787 24.
334 2726 392 2786 liic
406 2747 473 2787 cunr
496 2725 722 2806 Autophradate
741 2723 847 2786 classis
869 2723 1010 2803 praelecto
1025 2723 1126 2783 munia
1139 2743 1208 2804 par-

101 2826 188 2897 titus,
209 2843 246 2884 eo
266 2822 386 2883 tandem
419 2823 560 2883 obsessos
586 2821 697 2901 adegit,
721 2830 765 2893 ut,
791 2837 896 2880 securo
920 2817 1051 2899 presidii
1073 2819 1209 2880 discessu

101 2933 204 3000 paeto,
226 2920 391 2993 columnas,
413 2917 479 2998 quis
504 2917 622 2978 loederis
650 2935 717 2977 curn
746 2915 918 2977 Alexandro
942 2914 1024 2995 leges
1051 2914 1208 2994 insculptae

102 3027 202 3090 eraut,
225 3018 441 3087 subverterent,
463 3013 614 3093 Darioque
637 3012 727 3073 iidem
750 3011 886 3091 polliciti,
911 3009 1063 3072 dimidians
1088 3010 1208 3069 exulum

103 3132 226 3174 suorum
237 3122 351 3192 partem
365 3110 552 3190 reciperent·
593 3112 643 3170 26.
668 3111 707 3169 At
721 3108 823 3168 Perses
835 3126 894 3167 non
909 3106 1026 3185 integra
1038 3103 1097 3165 lide
1112 3105 1207 3187 pactis
1253 3141 1256 3156 ·

103 3221 233 3279 stetere;
253 3207 321 3280 sed,
333 3204 508 3266 introductis
522 3205 551 3265 in
566 3205 668 3265 urbem
682 3203 835 3276 militibus,
849 3200 1043 3282 Lycomedem
1058 3199 1208 3265 Rhodium

101 3324 236 3389 preaesse
249 3303 423 3383 jusserunt:
443 3299 582 3380 Diogeni,
596 3302 647 3379 qui
662 3300 700 3360 ob
724 3298 824 3361 studia
846 3297 876 3357 iu
897 3296 1005 3356 Persas
1029 3295 1209 3359 exulaverat,

97 3403 208 3486 patries
221 3399 354 3482 tyrannis
376 3396 486 3458 tradita
506 3405 562 3457 est.
604 3395 737 3458 Pecunia
757 3394 897 3474 deinceps
922 3391 1056 3473 privatim
1078 3392 1116 3452 ab
1132 3408 1206 3470 opu·

99 3500 270 3562 lentissimo
283 3513 401 3576 quoque
416 3496 476 3573 'per
499 3493 556 3553 virn
581 3494 704 3554 ablata:
725 3511 823 3570 neque
847 3509 883 3550 eo
908 3487 1006 3549 miuus
1031 3488 1205 3568 imperatum

98 3595 256 3666 tributum,
268 3588 352 3670 quod
365 3607 521 3649 commune
535 3587 774 3668 Mitylenoeomm
788 3584 953 3666 penderet.⁸

140 3811 156 3839 ¹
171 3805 270 3856 hrrisn.
288 3817 320 3854 ιι.
338 3805 362 3852 1.
373 3807 400 3851 et
417 3813 461 3850 ιιι.
471 3803 495 3850 2.
515 3798 588 3849 Curt.
599 3810 637 3849 ιι.
710 3800 723 3836 ‘¹
739 3787 1057 3844 praetentarent.
1070 3787 1087 3838 1.

105 3887 136 3933 ⁵.
148 3885 188 3932 15.
709 3875 720 3902 ¹
735 3865 841 3918 Anien.
852 3865 871 3915 l.
883 3865 902 3915 1.

142 3955 305 4008 ·1)ἱοι1.1.1.
548 3950 550 3955 ’
708 3951 719 3977 ·
735 3942 779 3993 ld.
789 3940 808 3992 l.
822 3941 839 3990 l.

140 4041 162 4076 Ρ
173 4034 244 4087 Cart
255 4036 330 4101 rrqt.
340 4034 380 4081 19.
434 4070 437 4075 ,
710 4015 836 4082 ι1ι1.1.1.
