2925 4867
341 358 471 409 suren.
494 307 534 407 in
559 360 594 420 o.
617 353 794 408 auertunt
819 360 893 410 nis.
918 361 961 416 ιι.
1127 341 1192 410 125

99 509 142 560 ter
151 515 223 560 usus
235 507 318 568 eratr
339 495 449 561 multos
462 500 577 573 lancea,
591 499 666 562 alius
686 519 758 562 ense
782 502 969 563 conieoemtr
989 501 1132 582 primique
1152 519 1191 562 ex

100 595 228 656 hostibus
241 596 564 677 fugamarripuerunt‚·
582 597 632 677 qni
653 609 758 658 eoutm
779 599 875 678 ipsum
894 599 1098 659 constiterant.
1141 601 1190 659 30.

103 691 259 752 Consilium
281 711 400 771 quoque
417 693 511 773 ipsius
526 692 632 754 audaci
646 693 755 772 speeie,
770 693 836 772 plns
850 703 951 754 tamen
965 693 1087 754 rationis
1101 709 1196 774 quam·

99 787 266 848 temeritatis
286 789 406 850 habuit:
427 799 611 870 pugnaturos
628 789 772 851 adversus
786 790 901 851 hostem
916 809 1036 863 norum,
1050 807 1191 852 numero·

100 903 153 961 que
174 883 264 964 louge
284 885 476 963 superiorem,
499 887 588 946 etiam
612 885 821 965 desperatione
849 905 961 946 armare
984 883 1128 960 voluerat,
1156 898 1191 948 nt

99 978 250 1056 prouisam
261 979 378 1058 objectu
395 981 525 1042 dominis
542 979 645 1060 lugam
665 981 840 1060 conspicati,
855 1000 971 1042 omnem
986 983 1090 1042 salutis
1106 1001 1189 1062 spem

97 1073 265 1134 iusiotoria
285 1075 491 1137 collocarenrs
531 1077 584 1138 31.
603 1077 814 1136 Thessalorum
837 1078 936 1150 etiam,
956 1097 1025 1138 narn
1048 1079 1078 1139 id
1101 1081 1190 1140 robur

97 1169 244 1248 equitatus
265 1182 339 1243 erat,
358 1171 483 1250 insignis
499 1189 536 1231 eo
558 1171 608 1232 die
631 1189 722 1251 opera
742 1171 858 1233 extitit:
880 1191 976 1252 neque
991 1174 1190 1235 ueteriotiioio

98 1284 152 1326 suo
160 1265 333 1326 defuerunt:
348 1267 512 1347 praesertim
525 1268 651 1348 equites,
666 1287 736 1327 nam
746 1271 874 1347 equestri
886 1270 1073 1348 potissimum
1087 1269 1190 1349 praelio

97 1371 245 1422 baumota
266 1382 314 1423 res
339 1373 407 1424 est:
429 1364 547 1442 pedites
575 1384 591 1424 e
616 1365 744 1443 vestigio
768 1376 932 1427 cesserunt.
976 1369 1024 1426 32.
1047 1367 1189 1426 ceterum

97 1457 264 1518 Alexander
284 1458 441 1520 Persarum
463 1459 553 1518 etiarn
575 1458 774 1519 nobilissimos
795 1461 955 1538 sepultura
976 1461 1139 1531 tradiditr‘
1159 1473 1191 1523 et

95 1561 238 1632 quotquot
251 1572 290 1614 ex
298 1553 415 1614 Grraois
428 1555 616 1614 mercenariis
628 1554 764 1614 hostibus
779 1567 923 1616 merentes
934 1557 1122 1618 ceciderant:
1138 1561 1188 1638 qni

95 1658 192 1710 autem
205 1669 306 1710 eornm
318 1649 376 1710 riri
389 1651 420 1710 in
430 1660 607 1729 potestatem
620 1650 731 1710 redacti
745 1651 872 1725 fuerant,
894 1661 965 1712 ‘eos
979 1673 1032 1734 per
1045 1653 1188 1714 Macedo«

94 1745 172 1806 niam
185 1745 216 1804 in
230 1745 381 1824 ergastula
392 1745 547 1806 distribui'
569 1744 683 1823 jussit,d
702 1745 804 1824 ‘quod
818 1758 922 1808 eontra
933 1767 1088 1809 commune
1103 1748 1188 1810 Groe·

94 1860 193 1902 oorum
211 1839 373 1915 decretum,
390 1861 445 1922 pro
463 1843 654 1902 barbarorum
672 1843 871 1904 dominatione
895 1847 1038 1906 adversus
1063 1847 1189 1926 patriam

93 1937 327 2018 pugnavisseut:
365 1941 416 2000 33.
437 1939 595 2011 Thebanos
616 1948 715 2000 tamen
736 1939 870 2013 dimisit:
897 1941 959 2020 qui,
983 1940 1083 2000 excisa
1105 1944 1188 2014 urbe,

93 2034 217 2094 ademtis
239 2033 329 2112 agris,
349 2036 528 2096 necessitate
548 2036 646 2114 magis
668 2053 758 2114 quam
784 2047 890 2114 sponte
913 2046 1108 2114 peccassent:
1125 2037 1188 2115 jam

92 2130 170 2209 enim
184 2139 231 2190 tot
249 2130 368 2189 illomm
391 2130 612 2190 calamitatibus
630 2131 751 2208 expleta
773 2129 843 2189 odia
861 2130 1069 2192 misericordia·
1090 2133 1189 2192 locum

91 2228 233 2287 fenerant.
274 2226 324 2286 ³4.
342 2225 483 2286 Posthsee
492 2226 531 2286 de
543 2226 691 2291 manubiis
706 2235 853 2286 trecentos
868 2227 989 2308 clypeos
1006 2228 1121 2308 selegit,
1135 2229 1213 2314 qui,

94 2322 236 2383 ldinerrre
249 2321 426 2381 Atheniensi
438 2321 669 2394 dedicarentur,¹
685 2323 815 2402 superbo
829 2341 896 2382 oum
911 2324 1016 2385 titulo:
1038 2325 1189 2385 ‘Alexan-

95 2417 180 2478 drum
194 2417 324 2496 Philippi
344 2418 379 2477 F.
394 2418 587 2496 Graecosque,
599 2418 731 2496 exeeptis
746 2416 987 2493 Lacedaemoniis,
1002 2420 1039 2480 de
1053 2419 1187 2480 barbatis

94 2513 195 2574 Asiam
209 2513 407 2574 incolentibus
421 2512 635 2593 suspendisse.'
677 2516 727 2572 35.
750 2512 786 2572 Id
801 2531 838 2572 eo
859 2514 980 2584 lecerat,
1002 2525 1036 2574 nt
1060 2533 1190 2590 commu:

91 2611 188 2670 uisam
201 2609 333 2670 victoriae
347 2608 437 2668 laude
453 2608 567 2669 Grecis
590 2607 629 2667 ad
647 2619 761 2668 ceteras
785 2607 856 2666 belli
880 2609 1072 2669 necessitates
1098 2613 1187 2670 obse·

90 2707 292 2784 quentioribus
306 2717 455 2767 uteretur:
476 2705 563 2766 simul
578 2703 867 2764 Lacedaemoniorum
888 2706 1106 2765 contumaciam
1129 2716 1188 2766 tra-

91 2800 228 2873 ducebat,
249 2802 301 2880 qui
320 2821 455 2862 seorsum
476 2801 557 2862 initis
579 2800 711 2861 consiliis
740 2819 759 2859 a
785 2811 883 2862 eetero
911 2800 1037 2861 Greciee
1066 2819 1188 2881 corpore

89 2897 214 2978 abrupti,
227 2896 490 2976 tantiquedeooris
504 2906 640 2976 expertes
655 2896 844 2957 mansissent.
887 2897 937 2957 ³6.
960 2898 1065 2976 Neque
1073 2897 1187 2969 matris,
1283 2917 1289 2924 ·

91 3013 179 3073 quam
196 2995 305 3054 ommia
325 2994 434 3071 pietate
455 3011 571 3072 semper
594 2992 697 3065 coluit,
721 2993 842 3064 oblitus,
867 2993 998 3073 pocula,¹
1018 3013 1187 3074 purpuram,

90 3089 206 3170 aliaque
219 3090 251 3164 id
265 3109 360 3170 genus
380 3090 511 3169 pretiosa
531 3088 637 3168 spolia,
660 3089 764 3168 paneis
787 3087 905 3166 demtis,
929 3089 967 3148 ad
991 3087 1072 3148 illam
1092 3101 1188 3151 naus·

93 3186 180 3248 misit

112 3283 183 3344 ⁴Vl.
216 3287 245 3345 l.
267 3283 341 3344 Post
354 3283 412 3344 hoo
425 3282 559 3361 praelium
573 3279 672 3341 denno
687 3281 726 3340 ad
738 3279 822 3339 llium
834 3279 984 3360 proiectus
995 3277 1189 3353 Alexander·

94 3378 166 3440 Deae
179 3381 290 3459 gratias
303 3381 376 3460 egit,
388 3399 456 3458 quae
470 3377 634 3458 gravissimi
648 3376 719 3436 belli
736 3375 892 3434 discrimen
915 3373 1074 3442 aditurum,
1099 3375 1187 3435 armis

91 3486 122 3534 st
133 3477 280 3536 ominibus
288 3476 426 3555 juvisset.
451 3477 481 3532 2.
498 3474 615 3554 Quippe
629 3471 771 3552 superiori
786 3481 915 3550 tempore
929 3489 996 3530 enm
1009 3469 1107 3530 statim
1118 3483 1189 3551 post

92 3572 296 3632 meruissem
321 3570 549 3648 Hellespontum
573 3587 610 3629 eo
633 3568 849 3637 contendisset,
864 3569 906 3628 uti
922 3585 1011 3644 supra
1025 3566 1188 3640 retulimus,

95 3677 161 3727 ante
174 3669 275 3728 lanum
293 3667 438 3754 Mineruae
454 3676 584 3727 statuam
599 3676 765 3744 equestrem
789 3663 870 3723 humi
895 3673 1072 3742 prostratam
1095 3663 1189 3736 vidit,h

125 3867 136 3894 ³
151 3861 256 3912 Diod-l.
268 3861 289 3912 l.
691 3855 701 3890 ¹
714 3855 819 3906 Arriam.
831 3855 848 3906 l.
860 3856 877 3906 l.
894 3855 966 3904 Plut·
975 3855 1051 3906 Alex.
1064 3856 1157 3918 plin·

121 3923 135 3967 t
152 3935 219 3987 rur.
231 3939 250 3986 ι.
691 3942 704 3977 r
721 3933 793 3982 snut.
809 3931 886 3982 Alex.
897 3933 914 3982 ι.
925 3931 942 3980 t.

123 4017 134 4042 ²
151 4012 251 4062 Arriam.
263 4026 284 4062 r.
295 4015 336 4063 tr.
691 4016 703 4041 ⁸
719 4005 806 4057 strab.
819 4019 882 4056 rrrr.
894 4021 921 4070 p.
933 4009 991 4057 593.

125 4085 137 4118 ⁴
154 4086 194 4138 ld.
203 4089 220 4139 l.
230 4089 248 4136 l.
691 4084 703 4117 δ
721 4081 799 4132 Diod.
808 4082 862 4134 sie.
873 4091 944 4133 runt.
953 4095 980 4146 p.
991 4085 1048 4131 571.

124 4163 223 4214 ‘Plnt
235 4148 400 4228 aporiatur.
411 4168 452 4215 lt.
484 4189 491 4197 ·
