2925 4867
389 393 520 444 sorus.
541 394 582 442 ss
606 395 641 456 o.
664 390 841 444 nuenton
866 395 940 444 sss.
964 396 1004 444 ιι.
1175 379 1240 454 139

136 535 220 614 ipsos
231 531 333 596 odium
346 533 490 600 serenus
504 533 701 608 liscednnm,
720 553 811 613 quom
825 535 1018 598 humanitatis
1032 536 1241 612 redemisset,

138 632 291 709 negabunt
303 629 539 712 ‘indulgendum
550 633 609 694 boc
621 651 690 695 esse
704 631 904 694 infestissimis
915 631 1070 696 hosebun’
1104 635 1154 694 22.
1170 633 1239 698 Non

138 735 238 788 temen
251 739 460 806 permoverunt
480 729 683 802 Memnonem,
696 729 770 808 quin
785 735 793 762 ‘
806 727 979 792 Grrscorum
1002 729 1132 792 moribus
1145 730 1242 812 indig-

137 839 210 887 num
225 822 313 884 ssse'
326 822 450 896 diceret,
470 825 674 903 ‘sepulturam
690 824 823 886 inridere
843 825 932 886 csesis
955 825 1101 890 hostibus.
1143 828 1240 890 Armis
1338 864 1342 882 ι

135 928 170 986 et
184 918 293 980 viribus
307 919 338 978 in
351 919 493 984 adversos
506 933 538 982 et
555 921 735 988 obsistentes
749 921 912 985 utendum:
934 941 1031 1003 oeque
1054 923 1240 986 contumeliis

138 1014 334 1092 pugnnndum
347 1015 378 1079 in
391 1033 456 1088 ens,
478 1035 555 1095 quos
576 1017 663 1078 bonis
676 1017 822 1097 mulisque
843 1019 952 1082 nostris
967 1039 1024 1080 sus
1037 1018 1101 1082 dies
1115 1021 1241 1082 exemis-

137 1109 208 1170 set’
247 1114 297 1172 23.
319 1112 531 1192 sememonten
549 1112 623 1175 slies
643 1116 814 1176 Memnonis
830 1116 964 1189 virtutes,
975 1117 1065 1178 etism
1077 1116 1241 1180 moderetio

132 1205 204 1284 ejus
221 1204 349 1286 insignis
369 1209 445 1272 suits
465 1228 562 1288 neque
586 1209 665 1272 enim
684 1231 738 1292 per
750 1212 916 1274 vecordiam
937 1213 1079 1276 conviciis
1103 1213 1241 1276 insectari

135 1302 255 1366 hostem
278 1303 432 1384 pulchrum
457 1306 604 1376 ducebsts
625 1306 680 1370 sed
708 1308 816 1370 virtute
843 1319 874 1370 et
899 1309 1030 1372 consiliis
1055 1308 1133 1371 vires
1160 1308 1239 1372 illius

134 1400 314 1479 ,animosque
340 1401 534 1466 contundere.
589 1406 639 1466 ιι.
660 1405 754 1483 Igitur
781 1423 849 1468 corn
877 1405 1038 1487 eliqussdo
1066 1407 1096 1466 in
1123 1405 1239 1487 agmine

135 1495 289 1575 quendem
300 1517 339 1558 ex
360 1499 548 1561 mercenariis
572 1500 718 1562 nonnulle
737 1500 953 1564 contumeliose
976 1513 1007 1560 et
1027 1501 1195 1580 petulanter
1208 1501 1239 1564 in

135 1589 340 1658 Alexandrum
345 1592 507 1672 jacientem
517 1593 674 1667 sedisset,h
687 1614 833 1666 converse
846 1595 934 1658 hssts
946 1597 1094 1658 hominem
1105 1596 1239 1676 pulsans,

133 1695 223 1748 ‘nnn
251 1700 281 1753 te
308 1689 459 1760 condusi‚'
481 1690 588 1769 inquit,
610 1697 669 1754 ‘ut
696 1689 888 1754 malediceres
921 1691 1104 1764 Alexsndro,
1128 1691 1182 1753 sed
1206 1709 1241 1756 ut

133 1782 281 1846 adversm
291 1785 374 1848 illum
387 1785 567 1850 dimicasse*

180 1879 219 1940 Χ.
244 1882 272 1938 l.
292 1880 410 1944 interes
420 1882 548 1954 obsessi,
562 1901 678 1947 summo
688 1882 789 1945 studio
803 1884 953 1948 securitati
964 1904 1027 1948 sues
1040 1882 1239 1965 providentes,

132 1993 191 2054 pro
204 1975 302 2036 diruto
316 1996 400 2040 muro
414 1978 504 2040 ulium
517 1979 683 2046 interiorem
697 1999 737 2042 ex
749 1993 836 2041 cocto
858 1982 951 2043 lutere
971 1980 1165 2051 eduxerunt·
1178 1999 1238 2042 non

132 2082 220 2132 recte
234 2071 364 2152 regione,
375 2074 429 2134 sed
440 2075 470 2134 in
482 2076 634 2136 nescemis
647 2073 727 2138 lunse
741 2078 865 2156 figurem
879 2078 1049 2140 sinuatum:
1071 2095 1166 2155 euque
1180 2095 1238 2149 res,

133 2187 206 2227 curn
221 2169 297 2230 inter
309 2169 418 2233 multos
432 2170 623 2234 distributum
636 2191 744 2235 munos
762 2183 852 2244 esset,
868 2171 1018 2234 celerrime
1033 2170 1169 2232 conlecto
1182 2185 1238 2234 est.

133 2267 169 2324 2.
191 2265 279 2326 llunc
292 2285 408 2329 monum
420 2267 591 2331 Alexander
609 2278 729 2347 postero
743 2269 844 2330 stetim
867 2268 916 2330 die
935 2267 1080 2330 machinis
1097 2286 1239 2346 qussssrs

129 2362 235 2441 cepit,
248 2382 309 2443 quo
323 2364 437 2427 minore
449 2366 570 2445 negotio
590 2383 694 2428 recens
708 2363 807 2426 sdhuc
830 2383 906 2445 opus
922 2365 1134 2426 lsbelscteret:
1156 2363 1186 2422 in
1201 2383 1238 2424 co

130 2459 235 2523 labore
246 2459 400 2540 occupetis
413 2461 640 2533 Macedonibus,
659 2461 765 2522 iterum
780 2481 817 2522 ex
829 2461 902 2524 nrbs
913 2457 1013 2520 selide
1026 2459 1142 2538 eruptio
1157 2459 1238 2522 lecte

131 2565 184 2624 ,est
194 2549 226 2612 :⁵
242 2556 427 2636 crudumque
439 2558 548 2636 quibus
561 2576 652 2638 opsrs
664 2559 843 2636 tegebantur
866 2555 1013 2626 nonnihil,
1027 2554 1162 2617 etunius
1178 2565 1239 2615 tor-

130 2651 176 2715 ris
197 2651 306 2730 lignem
320 2665 433 2732 pestem
455 2654 575 2716 flumme
595 2653 838 2736 comprehendit:
860 2657 890 2716 3.
912 2651 1009 2714 need
1029 2660 1129 2712 cemrs
1149 2669 1239 2730 opere

132 2748 276 2814 transiret
295 2749 475 2820 incendium,
489 2751 625 2812 Pbilotss
636 2763 669 2812 et
693 2750 868 2812 Hellanicus
884 2749 1072 2820 obstiterunt,
1085 2747 1193 2826 quibus
1208 2747 1238 2806 in

131 2862 203 2910 esni
216 2843 297 2906 diem
322 2844 524 2908 mechinsrum
542 2845 683 2908 custodis
703 2858 859 2906 cessemt:
880 2856 911 2908 et
931 2843 1104 2906 Alessnder
1124 2854 1238 2906 instrue

131 2953 317 3019 conspectus
330 2951 446 3004 motum
460 2941 663 3021 trep'ulutionis
676 2941 778 3021 injecit
790 2941 919 3004 hostium
934 2940 1052 3011 scissis,
1066 2949 1100 3000 nt
1120 2937 1238 2998 omissis

131 3036 263 3107 t'scibns,
273 3037 382 3114 quibus
395 3037 500 3100 arnan
513 3049 729 3117 procurrerent,
743 3037 865 3117 qnidsnr
878 3037 968 3098 etism
983 3053 1067 3098 arms
1081 3034 1240 3114 jacientes,

130 3133 231 3198 effuse
244 3133 317 3212 suga
328 3133 473 3213 oppidum
484 3143 661 3214 repeterent.
702 3137 735 3194 4.
755 3132 831 3194 lnde
843 3133 902 3192 vim
923 3130 1009 3193 sscils
1024 3130 1239 3210 propellebant,

131 3229 228 3309 sdjnti
251 3229 462 3291 commodissts
485 3227 554 3300 loci,
578 3248 666 3308 qssem
690 3227 783 3290 multo
806 3227 966 3306 sequiorem
989 3226 1186 3293 obtinebant;
1208 3237 1240 3286 et

130 3327 204 3408 quis
223 3345 337 3398 murro,
351 3326 431 3388 sicut
452 3323 591 3399 diximus,
605 3327 648 3390 its
668 3335 857 3386 constructus
875 3335 949 3394 erst,
964 3333 998 3384 ut
1022 3341 1239 3401 quemcumque

130 3434 247 3503 pestem
273 3421 433 3484 inussisset
452 3420 558 3492 hostis,
579 3441 639 3482 non
662 3439 683 3482 s
702 3420 799 3491 fronte
824 3429 952 3491 uotum,
975 3417 1030 3478 ssd
1054 3437 1092 3478 es
1113 3427 1238 3497 utroque

130 3519 260 3583 luterum
281 3517 443 3580 missilibus
464 3518 563 3598 nppeti
581 3527 695 3598 posset.
736 3521 764 3578 5.
788 3516 927 3578 Posthaec
952 3514 1109 3576 Perssruns
1133 3513 1238 3587 duces,

131 3633 202 3674 cum
222 3612 325 3674 omnis
337 3613 393 3674 sibi
418 3615 448 3675 in
469 3614 535 3676 dies
548 3614 677 3675 arctiore
698 3633 768 3675 esse
781 3613 927 3681 siderent,
941 3621 1151 3688 constaretque
1177 3631 1240 3670 non

132 3693 343 3772 abscessurum
363 3708 561 3772 Macedonem
573 3709 671 3772 donec
690 3709 772 3771 urbis
787 3708 940 3788 potiretur,
961 3705 999 3766 de
1014 3723 1128 3768 summu
1141 3724 1238 3766 reruni

134 3806 294 3868 consilirmr
306 3804 458 3868 habebunt
468 3813 499 3865 :⁶
518 3806 558 3866 ibi
573 3805 736 3886 Ephialtes,
753 3805 798 3865 sir
811 3804 902 3866 enimi
922 3803 1111 3880 corporisque
1134 3803 1238 3863 robore

136 3901 166 3962 in
188 3903 294 3981 paucis
322 3902 514 3980 conspicuus,
539 3900 728 3964 incommode
761 3901 853 3980 longe
886 3897 1050 3962 obsidionis
1080 3896 1237 3958 disseruit:

139 3998 169 4058 b.
198 3998 385 4075 negnbnlque
412 3998 671 4078 ‘expectendum
700 3996 796 4084 donec
825 3994 967 4074 punistim
995 3991 1102 4056 accisis
1129 3993 1237 4054 viribus

170 4150 181 4182 ¹
197 4152 269 4202 Plut.
281 4151 416 4217 Apopbtb.
426 4169 449 4205 c·
461 4159 502 4208 12.
739 4154 750 4188 ι
769 4151 810 4201 ld.
822 4153 841 4200 l.
852 4152 870 4201 Ι.

173 4236 185 4261 ⁸
199 4231 359 4281 Articuli.
387 4235 395 4244 '
740 4225 847 4278 coion.
859 4225 877 4276 l.
889 4225 904 4274 l.
