2925 4867
392 347 624 413 ot.cx11.3.
660 361 696 411 s.
720 362 781 413 cu.
808 362 845 411 u.
869 346 945 413 330.
1156 350 1222 417 5⁰9

82 484 88 503 ’
117 506 178 589 qui
196 504 331 570 tratrem
354 504 430 588 ejus
453 504 685 581 Polemonem,
713 503 756 568 de
778 522 846 587 quo
861 508 936 569 ante
951 502 1153 583 dictumest,
1169 506 1221 570 fu-

119 608 264 688 gientem
292 606 466 672 consecuti
491 607 642 672 vinctum
666 606 883 671 reducebant.
937 602 1070 670 Infesta
1099 606 1221 671 concio

118 708 178 773 vix
192 708 335 773 inhiberi
359 710 482 793 potuit,
507 708 586 791 quin
610 716 775 793 protenus
795 727 861 774 suo
885 724 978 771 more
994 726 1080 772 saxa
1093 706 1129 770 in
1143 725 1222 773 eum

114 808 260 892 jaceret.
298 810 331 875 2.
353 809 467 894 Atque
480 808 536 874 ille
550 828 632 875 saue
646 809 827 889 interritus,
850 806 977 886 ‘nihil'
991 807 1110 892 iuquit,
1136 812 1220 893 ‘pro

120 930 172 977 me
187 910 369 996 deprecor3
383 910 484 977 modo
498 929 542 975 ue
563 910 699 977 fratrum
714 906 935 975 innocentiusl
949 909 1029 991 tuga
1041 909 1222 993 imputetur

119 1031 203 1077 mea.
247 1013 337 1079 Herc
353 1013 384 1079 si
399 1012 532 1078 defendi
556 1030 623 1078 noo
646 1018 771 1096 potest,
794 1029 907 1077 meum
932 1011 1055 1075 crimen
1070 1011 1136 1079 sit:
1162 1013 1222 1078 bo-

118 1133 191 1177 rum
202 1114 248 1179 ob
261 1114 298 1180 id
312 1115 442 1200 ipsum⁰
466 1114 586 1179 melior
607 1122 663 1179 est
684 1132 799 1191 causa,
816 1112 905 1196 quod
919 1131 992 1194 ego,
1006 1112 1065 1195 qui
1076 1114 1221 1197 profugi,

120 1223 300 1300 suspectus
323 1214 421 1282 sum!
463 1214 496 1283 3.
517 1214 567 1283 At
588 1215 663 1282 brec
685 1208 822 1281 elocuto
847 1214 1005 1279 universa
1031 1215 1152 1280 concio
1167 1234 1221 1282 as·

119 1335 220 1383 seusa
243 1323 305 1383 est
350 1318 523 1405 [lacrymer
548 1317 670 1385 deiude
693 1318 850 1384 omnibus
876 1333 1012 1381 munere
1033 1325 1222 1401 coeperunt,

120 1417 205 1483 adeo
224 1420 259 1484 iu
281 1421 479 1486 contrarium
494 1424 633 1504 repente
648 1420 796 1497 mutetis,
813 1416 970 1483 utentum
988 1434 1049 1499 pro
1065 1424 1221 1497 enasset,

120 1520 212 1605 quod
226 1522 373 1587 maxime
387 1522 547 1588 leserat·
588 1523 621 1587 d.
642 1521 665 1587 J
668 1521 786 1586 crenis
800 1522 870 1585 erat
884 1518 995 1603 primo
1009 1518 1122 1583 aetatis
1141 1518 1222 1585 flore

120 1623 318 1704 pubescens,
341 1642 442 1707 quem
467 1622 555 1689 inter
578 1622 714 1708 equites
741 1622 915 1687 tormentis
932 1619 1074 1687 Philutae
1090 1628 1223 1686 contur·
1332 1705 1337 1715 Ι

121 1723 218 1789 batos
237 1724 370 1789 alienus
383 1733 487 1791 terror
499 1726 699 1792 abstulerat.
742 1724 923 1790 Desertum
946 1741 1024 1787 oum
1049 1741 1071 1786 a
1091 1724 1222 1789 comiti·

120 1828 194 1903 bos,
207 1833 242 1890 et
254 1826 463 1892 haesitantem
482 1826 570 1892 iuter
590 1825 778 1893 revertendi
802 1824 1018 1910 fugiendique
1031 1826 1221 1904 consilium,

121 1927 181 2012 qui
196 1930 301 1993 secuti
315 1936 421 2006 erant,
444 1937 704 2014 occupaverunt.
748 1932 780 1994 5.
804 1928 841 1993 Is
863 1935 934 1994 tum
955 1928 1035 1993 flere
1056 1927 1172 2011 coepit,
1185 1935 1223 1992 et

122 2049 160 2094 os
174 2048 274 2093 suum
287 2031 528 2097 converberata
540 2053 548 2097 :
563 2039 705 2097 moestus
715 2050 780 2097 uon
794 2050 889 2125 suum
900 2024 1037 2107 vicem,‘¹
1052 2028 1222 2113 sedprup·

122 2136 172 2195 ter
183 2131 293 2217 ipsum
306 2131 571 2215 periclitantium
587 2133 739 2199 fratrum.
780 2132 814 2197 6.
839 2130 1060 2212 Moveratque
1077 2129 1150 2214 jem
1172 2150 1222 2195 re·

120 2250 207 2314 gem,
232 2252 300 2298 non
325 2233 521 2300 concionem
549 2232 666 2301 modo:
688 2233 750 2299 sed
778 2250 865 2297 unus
895 2238 967 2296 erat
994 2230 1221 2315 implacabilis

123 2426 218 2540 antam
229 2427 292 2477 suu
301 2428 368 2477 uliud
384 2428 459 2493 ipsiu
475 2443 552 2480 em
564 2428 1129 2495 suunet,qm1nquodnuteogrouirrimipror
1145 2427 1221 2494 offen·

577 2598 584 2609 ‘
589 2570 770 2593 ‘Omm

125 2665 282 2717 Pru-m
316 2668 432 2719 Floreut.
445 2668 518 2719 leid.
529 2670 605 2720 vnn.
616 2675 641 2720 l.
652 2677 681 2721 et
692 2669 752 2721 ΑΜ.
764 2676 797 2719 ert
809 2669 914 2726 dietum:
936 2668 1012 2717 Voss.
1020 2672 1045 2717 2.
1065 2667 1164 2717 omittit
1175 2672 1221 2717 ert.

123 2729 194 2781 Mar.
205 2733 294 2781 ricem
303 2734 452 2784 reducebant.
485 2734 558 2784 Pitb.
605 2736 786 2798 'pretim-2
803 2736 877 2787 Voss.
887 2737 913 2783 2.
926 2732 1023 2782 omittit
1031 2746 1097 2798 rone,
1105 2740 1134 2783 et
1144 2734 1223 2795 paulo

124 2798 271 2873 postmodo,
303 2798 363 2874 Pul.
375 2800 443 2848 Mer.
456 2799 517 2848 Bm.
529 2805 557 2875 et
605 2799 622 2847 l.
641 2798 726 2848 Hirri
732 2816 743 2858 ,·
777 2798 838 2849 did.
857 2805 885 2848 et
904 2797 983 2848 Frob.
994 2796 1048 2846 Hoc
1058 2797 1088 2845 ri.
1113 2795 1222 2846 ptumo

120 2864 464 2975 multetque.
469 2862 686 2985 ἶῗὲῗέἷῖῗᾶἱῗ
696 2858 1223 2983 ἓῗῖἒι.“ἶῗὲ·.ἒῗῗέ”εὲῗ.’ἱΐῆἶῖ“ὲῖξῑ

122 2997 192 3037 reut.
205 2988 279 3038 beid.
290 2990 366 3039 Voss.
378 2995 400 3039 1.
411 2989 472 3041 Arc.
483 2998 512 3040 et
522 2992 591 3040 Mer.
602 2990 639 3041 Ar
649 2991 701 3040 laer
707 3006 718 3050 ,·
733 2988 859 3041 Scheffer.
871 2990 983 3041 mavult:
998 2990 1036 3039 Ac
1045 2990 1104 3038 bec.
1135 2988 1222 3039 Modi-

123 3051 248 3101 credidit
259 3054 414 3117 deniqucpro
424 3054 519 3104 deinde.
553 3054 920 3105 Floreut.11eid.etVnss.1.
939 3060 966 3103 ut
982 3054 1025 3103 lor
1035 3055 1110 3103 edum
1125 3068 1169 3116 pro
1185 3067 1224 3113 ro,

122 3116 164 3175 dfe.
198 3115 271 3165 Pitb.
289 3119 393 3168 mxime
408 3121 526 3183 quod-d
543 3118 615 3169 ueto.
632 3119 739 3169 eututir
751 3118 824 3231 em
857 3119 931 3169 uon.
945 3123 967 3168 1.
982 3133 1026 3181 que
1043 3120 1107 3167 inter
1124 3118 1222 3181 equites.

122 3179 200 3228 Voss.
211 3185 235 3229 t.
246 3182 391 3231 conturbato.
419 3182 479 3232 ΑΜ.
490 3182 574 3232 Colin.
586 3182 689 3245 Grypb.
699 3182 752 3231 Fro
771 3216 778 3231 .
790 3182 858 3231 Mer.
870 3182 925 3232 Col.
937 3192 965 3231 et
977 3183 1038 3231 Bas.
1048 3182 1111 3231 enim
1127 3182 1224 3231 uem-

122 3242 243 3293 sitm-o
262 3245 290 3292 Ie
301 3250 357 3295 tuuc
367 3247 445 3297 Voss.
461 3251 485 3296 Β.
512 3246 539 3296 lc
548 3248 605 3296 auu
615 3246 675 3297 Pal.
687 3251 710 3295 1.
740 3246 895 3296 roselmus
905 3247 979 3297 menn
990 3246 1063 3295 Mod.
1074 3246 1130 3296 Cot.
1139 3244 1223 3309 Luqd.

123 3308 187 3358 Bas.
198 3316 225 3357 et
236 3306 320 3358 unse.
347 3324 394 3358 sor
405 3324 471 3359 sumu
480 3310 555 3360 υίωη
566 3312 682 3361 Florcut.
695 3310 769 3360 leid.
780 3311 858 3361 Voss.
869 3315 893 3360 1.
905 3314 929 3360 2.
949 3308 1018 3361 Duo.
1037 3309 1094 3359 Pu.
1106 3314 1129 3359 1.
1140 3308 1184 3359 atii
1194 3316 1223 3359 et

122 3368 185 3420 edd.
197 3380 307 3422 recentt.
323 3375 366 3423 red
373 3380 471 3439 propter
481 3377 557 3437 ἐμω
567 3375 636 3425 Mer.
648 3383 678 3425 et
687 3374 793 3425 cot-o
810 3374 924 3425 Floreut.
936 3374 1091 3425 Leidvons.
1102 3376 1126 3423 l.
1138 3372 1223 3437 Boug.

127 3443 157 3486 et
178 3436 252 3488 Mod.
271 3452 352 3501 ηςιπι
369 3454 519 3503 quoquotum
535 3440 685 3498 concionem
716 3438 789 3489 Pitb.
805 3454 885 3503 regem
903 3454 952 3490 scu
969 3438 1102 3489 mucimus
1118 3453 1223 3503 quoqur

622 3581 731 3635 NOTAE

120 3680 188 3746 tngo
212 3680 390 3743 Polemonem,
415 3694 472 3731 erse
493 3679 653 3746 profectum
693 3679 811 3729 insontes
828 3678 919 3730 heberi
932 3678 1029 3729 debent
1045 3678 1096 3742 ipat
1111 3677 1155 3743 qui
1172 3690 1222 3727 nou

120 3758 267 3823 eodemque
278 3760 351 3809 illum
362 3762 404 3810 die
417 3760 557 3809 reduxisse.
693 3754 816 3819 fugerint.

138 3833 169 3867 'l
189 3833 349 3899 innocentie]
372 3836 414 3887 Ne
435 3834 560 3887 frutribus
582 3835 656 3899 meir,
725 3830 829 3881 ‘Suum
846 3828 932 3893 meru]
958 3829 1002 3880 Sic
1023 3826 1092 3893 apud
1112 3826 1223 3889 Livium,

120 3924 184 3960 cum
194 3910 346 3960 iunocenter
362 3912 422 3973 siut,
438 3908 501 3974 fuga
515 3910 655 3973 imputetur
694 3907 823 3957 ‘solicitis
845 3907 928 3957 ricem
950 3904 1111 3969 imperatoris
1136 3903 1224 3953 militi·

120 4000 193 4047 mee,
214 3991 334 4050 tanquam
355 3985 453 4035 crimen
474 3990 520 4034 ant
541 3983 655 4035 criminin
696 3981 762 4034 bus!
794 3982 907 4032 Dolebrt
928 3995 978 4030 nou
1000 3986 1160 4044 propterte,
1176 3977 1223 4030 sed

121 4059 260 4111 iudicium.
695 4064 804 4122 propter
822 4056 918 4107 tratres
935 4055 1012 4120 culpe
1027 4055 1108 4119 ipsius
1122 4054 1225 4121 perieti-

156 4132 657 4201 eoeutpunlstentmtngtrrecredor
695 4142 790 4184 tenter.

121 4212 196 4279 quod
214 4224 296 4262 essem
310 4210 495 4275 conjurationis
514 4210 656 4277 particeps,
