2925 4867
271 338 298 404 2
641 353 670 400 s.
695 349 949 409 senissimum

251 493 477 558 Atheniensium
500 492 605 552 ciritss
619 501 691 554 tune
705 485 792 554 etiem
806 493 912 572 opibus
928 503 958 552 et
972 492 1148 566 auctoritate
1162 493 1237 555 satis
1251 492 1344 574 polle·

251 595 320 657 bat:
341 611 398 652 nee
420 589 628 653 Thebanorum
649 601 702 650 sut
725 589 860 670 potentio
881 609 941 648 nou
964 589 1185 660 contemnende
1202 600 1277 661 erat.
1299 599 1355 654 sut

252 687 371 768 opinio:
392 685 519 746 necdum
534 686 703 746 exoleverat
717 685 859 748 niemoris
873 684 1037 752 Leuctricae
1048 705 1168 764 pugnes,
1189 705 1253 762 qus
1268 685 1351 764 prin·

252 784 382 864 cipetum
405 782 532 845 Graeciae
557 782 789 844 Lseedaemoniis
815 792 1008 842 extorserant.
1064 784 1113 842 29.
1148 781 1240 860 Igitur
1263 791 1354 850 utet

252 880 400 942 sociorum
419 881 607 939 confirmaret
627 881 751 948 animos.
773 889 804 938 et
827 878 953 940 diverses
967 878 1102 938 factionis
1116 877 1354 941 machinationes

252 985 450 1059 preverteret,
464 975 622 1056 Amyntam
633 987 664 1035 et
673 973 851 1036 Clearchum
863 973 1047 1034 Macedonas
1060 973 1095 1032 e'o
1106 973 1185 1032 misit
1193 977 1221 1040 ι’
1235 971 1351 1040 addito.

251 1073 337 1151 eujus
351 1070 529 1150 eloquentioe
544 1069 701 1150 plurimum
715 1070 838 1144 fidebat,
860 1068 996 1150 Pythone
1020 1069 1196 1151 Byzantios·
1217 1068 1351 1150 quantia

251 1167 378 1230 coneilio
393 1169 562 1228 Boeotorum
576 1168 617 1227 ita
628 1167 761 1230 locutum
776 1167 956 1246 occepimus.

292 1266 346 1326 Vl.
380 1268 407 1325 l.
429 1263 482 1322 ‘Si
505 1263 643 1343 Philippo
668 1263 698 1322 in
723 1262 903 1324 Macedonis
927 1261 1094 1336 desidente,
1109 1260 1355 1328 linteamine.

252 1361 364 1421 niensis
378 1360 523 1422 exercitus
538 1361 675 1426 heberet;
692 1378 788 1438 neque
805 1358 887 1418 vobis
902 1357 995 1417 ullurn
1009 1377 1077 1420 cum
1091 1377 1160 1436 rege
1169 1356 1289 1426 stetistis
1301 1367 1353 1418 sut

252 1458 390 1518 amicitiis
399 1456 449 1535 jus
457 1465 555 1516 esset:
570 1465 670 1516 tamen
679 1453 814 1514 dubitare
825 1473 885 1514 uon
895 1453 999 1526 debeo,
1008 1453 1079 1533 quin
1090 1453 1168 1513 illius
1179 1453 1352 1518 societatem

252 1553 358 1614 essetis
371 1551 518 1631 opteturi;
540 1551 607 1630 quis
631 1551 710 1611 enirn
730 1550 814 1612 illum
837 1560 922 1620 tantu
940 1551 1082 1630 potentie,
1097 1551 1248 1628 tantisque
1262 1553 1351 1614 rebus

253 1649 357 1728 gestis,
371 1647 482 1708 civitati
499 1647 683 1726 famaquam
704 1645 814 1706 viribus
837 1645 972 1717 validiori
994 1666 1055 1707 non
1076 1647 1283 1728 proponeret?
1324 1651 1353 1708 2.

253 1743 342 1806 Nunc
355 1757 455 1816 sutem
470 1763 537 1804 cum
551 1742 613 1815 illo,
626 1741 677 1825 qui
689 1741 858 1804 victricibus
871 1742 964 1821 copiis
979 1741 1059 1814 uelut
1075 1740 1259 1805 vestibulum
1270 1743 1352 1806 urbis

251 1852 359 1900 vestrse
383 1839 507 1909 obtinet,
535 1837 618 1898 soelo
643 1847 733 1916 etque
758 1838 853 1898 emico
880 1838 1023 1905 meminit
1053 1837 1090 1906 ab
1115 1837 1349 1904 Atheniensibus

252 1935 353 2006 multis
367 1935 514 1995 veteribus
530 1947 618 2012 atque
632 1934 718 1995 noris
732 1934 843 2012 injuriis
855 1933 953 1994 effecti
967 1933 1050 2001 sitis3
1066 1933 1174 2004 horum
1183 1933 1353 2004 amicitiem,

252 2032 391 2111 neglecto
412 2049 493 2110 rege,
512 2030 595 2091 vobis
620 2029 755 2102 suadere,
776 2030 909 2108 prolecto
933 2028 1113 2100 contumelia
1136 2037 1192 2100 est,
1205 2028 1354 2096 Thebani.

254 2129 280 2188 3.
305 2127 364 2187 Sed
387 2124 588 2209 superpissimi
611 2125 779 2186 mortalium
801 2125 854 2184 sibi
881 2123 952 2186 solis
970 2123 1120 2202 ingenium
1134 2123 1355 2204 consiliumque

253 2241 409 2303 superesse
434 2229 608 2289 sutumsnt;
636 2220 777 2300 reliquos,
797 2227 832 2280 ‘et
856 2219 988 2299 inprimis
1014 2219 1134 2293 Breotos
1156 2220 1254 2298 (robis
1276 2221 1364 2288 enirn
1461 2283 1462 2300 p

251 2337 314 2400 pres
328 2317 434 2380 ceteris
447 2315 604 2390 insultent)
618 2317 734 2395 ineptos
749 2329 779 2380 et
793 2316 881 2378 rudes
896 2335 973 2389 esse,
986 2335 1051 2390 nee,
1066 2337 1134 2396 ques
1148 2317 1230 2382 utilis
1244 2317 1358 2385 hones-

252 2428 342 2494 teque
358 2415 437 2475 lectu
453 2413 523 2484 sint,
544 2411 731 2488 dignoscere.
773 2417 803 2482 4.
827 2414 931 2492 ltaque
954 2432 1014 2492 quo
1029 2413 1101 2474 nihil
1115 2424 1162 2473 est
1175 2414 1361 2486 dementius.

253 2509 282 2570 id
298 2530 330 2570 se
345 2509 427 2569 vobis
440 2527 632 2589 persuasuros
646 2517 762 2588 putant,
774 2518 853 2570 utex
866 2509 997 2588 ipsorum
1012 2509 1111 2590 potius
1123 2510 1254 2582 arbitrio,
1264 2529 1367 2590 quein,

253 2607 379 2668 utilitate
401 2618 498 2666 vestre
519 2603 621 2664 hostes
643 2615 733 2684 etque
757 2606 868 2666 amicos
888 2603 1042 2674 habeatis;
1064 2606 1160 2668 serbis
1186 2607 1308 2678 conlisi
1326 2608 1362 2674 in

253 2703 360 2782 quibus
382 2702 477 2764 omnis
499 2699 630 2778 ipsorum
652 2702 697 2760 ris
723 2711 778 2762 est.
830 2703 860 2762 6.
882 2701 943 2760 Sed
967 2701 1059 2761 verbs
1078 2720 1165 2762 nemo
1179 2715 1364 2772 momente
1461 2725 1462 2766 r

253 2782 334 2861 licta
356 2797 477 2864 hebuit:
500 2797 663 2876 praesertim
685 2796 714 2855 in
741 2797 839 2856 bello:
862 2797 911 2858 ubi
934 2817 981 2858 res
1000 2816 1090 2858 meno
1105 2797 1226 2877 geritur,
1239 2799 1362 2879 lingum
1461 2807 1462 2814 ’

252 2894 433 2974 promtitudo
448 2912 668 2974 supervacanea
686 2905 743 2956 est.
787 2894 827 2952 Ut
841 2893 897 2952 sibi
912 2891 1015 2954 diserti
1031 2891 1315 2969 rideantur,‚rirtus
1328 2909 1368 2962 et,

253 2988 373 3051 lortnne
392 2989 532 3070 Philippi,
556 2990 646 3049 tantis
673 2989 737 3049 suis
761 2989 967 3068 sociorumque
992 2989 1102 3062 viribus
1125 2990 1262 3063 subnisus,
1286 2995 1364 3072 plus

252 3087 372 3168 poterit.
419 3087 450 3148 6.
471 3085 536 3147 Nec
550 3087 630 3149 enirn
643 3084 729 3145 facile
746 3085 878 3158 dixerim,
901 3085 1035 3154 stolidior
1049 3106 1088 3149 on
1101 3086 1302 3166 impudentior
1320 3092 1365 3153 sit

253 3202 354 3242 eorum
378 3180 559 3260 postulatio!
600 3181 780 3241 intentatum
802 3181 910 3242 Atticos
924 3181 1035 3242 fulmen
1050 3181 1364 3262 excipite,'Ehehsmi‚:

253 3278 335 3338 socio
348 3286 438 3354 etque
454 3276 549 3336 emico
564 3275 626 3356 regi
640 3275 750 3336 bellum
764 3295 831 3336 curn
845 3276 933 3346 exitio
948 3289 1046 3336 uestro
1069 3277 1167 3354 sapite,
1190 3293 1225 3350 ut
1244 3300 1310 3350 nos.
1329 3284 1366 3345 iu

252 3383 317 3444 tuto
332 3374 444 3434 simus:
466 3379 580 3430 vestros
604 3390 702 3449 agros,
723 3383 822 3432 restro
842 3391 966 3450 corporo
979 3372 1108 3452 objicite,
1127 3395 1165 3444 ne
1179 3376 1363 3454 injuriarum

253 3488 373 3538 suarum
381 3465 541 3526 vindictam
550 3467 588 3529 ab
599 3466 831 3532 Atheniensibus
840 3466 1116 3549 Philippusesiget.
1145 3472 1174 3530 7.
1189 3479 1197 3506 ‘
1210 3471 1367 3542 limogias
1390 3451 1394 3458 ¹

253 3576 324 3626 sunt
342 3560 497 3642 postulatu
515 3561 677 3637 hominum,
699 3564 750 3644 qui
776 3574 827 3624 sut
850 3563 907 3645 ipsi
931 3585 1005 3629 seno
1025 3565 1139 3645 judieio
1154 3577 1288 3641 nunnus,
1305 3584 1369 3640 aut

254 3661 328 3721 elios
349 3661 393 3718 uti
414 3656 562 3721 credenti
601 3658 660 3728 Qui
684 3659 773 3720 modo
794 3660 908 3720 nullom
922 3662 1073 3740 premendi
1097 3683 1148 3725 ros
1163 3666 1369 3734 oppresionem

252 3756 519 3838 praetermiserunt3
551 3753 603 3832 qui
630 3774 685 3817 vos
711 3756 911 3829 contumeliis,
939 3758 1063 3837 injuriis,
1090 3761 1181 3830 struis,
1207 3773 1370 3840 quantum

251 3861 410 3932 potueruut
423 3850 580 3928 persecuti,
591 3863 703 3913 vestras
718 3852 823 3912 eludes
837 3863 925 3931 atque
940 3855 1072 3932 pericula
1083 3855 1254 3926 felicitatem
1266 3879 1368 3930 mm

253 3947 308 4006 rati
323 3957 409 4005 sunt:
432 3947 450 4003 ii
476 3964 555 4003 nunc
576 3948 694 4006 euobis
718 3959 818 4026 petere
843 3950 966 4022 sudent,
988 3961 1021 4010 ut
1045 3969 1113 4010 curn
1138 3954 1210 4030 ipsis
1235 3955 1372 4034 malitis,

254 4061 341 4125 quum
356 4060 422 4102 cum
438 4039 576 4120 Philippo
591 4043 719 4102 vincere.
772 4047 800 4105 8.
822 4047 863 4104 At
884 4046 939 4104 iste
962 4045 1074 4126 hospes
1086 4060 1116 4108 et
1130 4047 1275 4110 slsmnus
1286 4038 1372 4116 ves·

549 4206 559 4232 ¹
575 4198 647 4255 Pur.
659 4199 676 4250 l.
689 4200 706 4251 l.
853 4205 863 4234 ⁸
880 4199 958 4255 Diod.
970 4201 1020 4278 hl·
