2925 4867
231 371 298 438 124
628 386 658 436 s.
680 385 931 438 sasrrrsrrsrsrt

232 533 374 616 perlatus
388 529 495 592 adacto
507 529 679 592 confossum
693 531 851 594 surriserit.t
877 531 928 592 at.
944 527 1060 598 Quibus
1071 530 1158 591 rebus
1168 529 1326 590 tabernen-

234 643 280 694 tsr
302 632 443 701 irritatus,
465 627 599 708 equitatu
620 626 709 688 simul
731 637 764 688 at
781 626 930 709 phalange
952 625 1150 687 circumdatos
1170 625 1323 687 occidione

233 727 362 795 occidit:
383 723 514 804 exceptis
540 721 658 784 duobus
678 723 740 786 tere
761 723 901 796 millibus,
926 723 978 802 qui
1000 723 1029 782 in
1042 722 1226 784 deditionem
1238 739 1326 782 rene-

233 835 313 886 runt.
340 821 404 880 ‘22
425 821 460 880 lo
483 819 652 881 universum
675 839 758 882 cass
783 830 855 882 sunt
877 839 915 882 ex
928 819 1062 882 bostibus
1075 821 1177 901 riffl'nti
1191 817 1323 900 pediturn

233 919 336 992 millia,
349 919 411 978 duo
424 917 576 995 equitum:
595 927 751 996 captomm
764 937 819 996 par
834 917 923 979 ferme
942 936 1083 976 numerus
1103 917 1169 978 luit.
1213 916 1260 974 Ex
1272 913 1327 974 du-

233 1015 319 1076 cibus
334 1015 474 1074 Memnon
492 1009 608 1093 effugit,
625 1030 696 1072 cum
709 1013 833 1085 Arsace,
847 1011 1038 1073 Rbaomitbre
1051 1023 1082 1072 st
1094 1011 1216 1092 Atizyes
1238 1011 1326 1071 ceteri

232 1111 367 1173 honestis
380 1109 550 1170 volneribus
572 1109 784 1169 occubuerunt.
824 1107 949 1180 Arsites,
970 1127 1039 1167 cnm
1062 1107 1091 1168 in
1114 1107 1274 1187 Phrygiam
1294 1123 1327 1164 se

232 1206 404 1286 recepisset,
423 1203 536 1284 pudore
558 1214 590 1264 at
609 1203 791 1283 punitentia,
819 1203 899 1282 quod
921 1203 1010 1283 hujus
1033 1203 1128 1265 cladis
1150 1221 1244 1264 causa
1266 1199 1332 1260 nou

232 1301 378 1362 immerito
398 1299 565 1372 baberetur,
588 1299 644 1360 sibi
667 1319 772 1360 nranm
794 1299 916 1360 intulit.l
958 1303 1008 1360 23.
1030 1298 1199 1362 Alexander
1214 1315 1326 1378 paucos

233 1396 363 1476 quidem,
376 1395 431 1456 sed
443 1393 655 1475 promtissimus
672 1414 709 1456 eo
726 1395 829 1477 praelio
853 1393 1001 1474 perdidit:
1022 1397 1144 1476 triginta
1165 1393 1328 1456 admodum

233 1491 360 1571 pedites,
373 1490 704 1571 septuagintaquinque
716 1493 833 1572 equites
847 1491 1037 1552 ceciderant'
1076 1492 1170 1571 Igitur
1182 1501 1218 1550 nt
1227 1501 1328 1551 osten-

168 1638 171 1646 .
220 1589 475 1672 'derstomnibas
497 1589 530 1648 io
550 1602 674 1669 utraque
695 1591 814 1650 lustuns
833 1588 912 1668 apud
929 1609 962 1650 se
976 1589 1075 1650 virtuti
1089 1589 1242 1669 preminur
1255 1588 1329 1670 lora,

234 1687 408 1766 superstites
431 1685 587 1746 Persarum
612 1685 714 1764 spoliis
727 1684 824 1746 ditat:
844 1685 1007 1746 occisomm
1020 1703 1144 1765 corpora
1157 1703 1226 1744 cum
1241 1684 1327 1744 amris

232 1791 390 1861 ceteroque
415 1781 498 1843 cultu
520 1781 678 1861 magnifice
699 1782 825 1862 sepelit:
847 1781 1021 1867 parentibus
1041 1799 1142 1842 eorum
1169 1779 1327 1857 liberisque

232 1878 418 1938 vacationem
426 1876 1229 1942 munerumconcedits⁸24.vulneratorumetiamcura
1238 1875 1328 1935 ambi·

232 1973 309 2034 tiose
321 1984 390 2034 acta
403 1982 468 2041 est;
489 1991 557 2032 curn
579 1973 645 2053 ipse
664 1993 717 2035 rex
730 1973 869 2036 obeundo
883 1973 1009 2034 tentoria
1021 1983 1052 2032 et
1066 1971 1254 2052 inspiciendo
1266 1971 1329 2030 sin·

232 2069 341 2148 gulos‘
359 2067 575 2131 solicitudinem
588 2088 672 2130 susm
687 2087 741 2148 pro
752 2068 896 2148 gregariis
905 2070 995 2130 etiam
1003 2068 1143 2129 militibus
1154 2076 1329 2136 ostentaret,
1423 2095 1427 2102 ·

233 2183 270 2226 ac
283 2184 401 2244 marem
414 2165 559 2244 cujusque
570 2183 673 2226 casum
687 2164 888 2225 munificentia
902 2162 1099 2244 laudibusque
1108 2173 1162 2224 aut
1174 2161 1330 2242 promissis

233 2259 388 2322 solaretur.
416 2263 467 2324 25.
482 2260 559 2327 Quas
579 2259 704 2320 comitas
718 2260 749 2319 in
763 2259 863 2320 omnia
875 2259 1016 2338 deinceps
1029 2257 1160 2338 pericula
1170 2257 1330 2318 fidissimos

232 2355 260 2416 ei
272 2357 427 2435 prrestitit:
448 2375 504 2417 nec
514 2356 671 2436 quisquam
685 2355 831 2417 monuerit
851 2355 982 2435 spiritum
1003 2375 1057 2434 pro
1074 2373 1110 2415 eo
1124 2371 1194 2432 rega
1207 2352 1331 2431 prolun-

232 2449 315 2523 dere,
327 2452 379 2530 qui
388 2471 486 2531 neque
497 2451 588 2512 vitans
602 2469 722 2511 suomm
735 2451 864 2530 inopem,
877 2469 973 2530 oeque
985 2461 1109 2510 mortem
1122 2448 1331 2508 inhonoratam

232 2555 391 2626 pateretur.
433 2548 484 2608 26.
516 2545 645 2626 Insignis
666 2567 729 2628 prro
751 2547 859 2608 ceteris
881 2545 976 2606 bonor
999 2545 1055 2606 luit
1075 2544 1332 2625 viginti-quinque

233 2641 365 2722 equitum
388 2662 426 2704 en
449 2652 546 2702 torma
566 2642 746 2709 amicorum:
768 2661 844 2719 qnos
868 2641 961 2720 primo
985 2643 1085 2702 statim
1108 2659 1273 2720 congressu
1293 2658 1332 2700 ex

232 2737 333 2816 iniquo
346 2736 415 2798 loco
424 2747 593 2817 pugnantes
602 2737 761 2799 multitudo
772 2736 927 2798 Persarum
939 2747 1136 2818 oppresserat.
1176 2739 1230 2796 tt.
1251 2737 1333 2798 Nant

233 2832 374 2913 Lysippo,
383 2851 470 2910 aquo
479 2851 549 2905 uno,
559 2843 678 2912 propter
688 2832 816 2894 bominis
829 2833 975 2912 peritiam,
986 2833 1017 2892 in
1025 2851 1084 2892 oerc
1097 2831 1168 2912 tingi
1181 2831 1334 2904 soluerat,

235 2930 402 3007 imperarit,
415 2939 450 2988 ut
472 2940 625 3008 equestres
648 2930 719 3010 ipsis
745 2939 860 2992 statuas
883 2929 1031 2990 iscerattr
1052 2949 1126 3008 qnss
1147 2928 1229 3008 apud
1253 2928 1334 2990 Dion

233 3022 426 3084 Macedonio
438 3024 581 3103 oppidum
593 3025 755 3086 collocatas
768 3037 837 3104 post
850 3027 970 3104 longam
984 3035 1102 3088 estaoeru
1125 3024 1239 3086 abolito
1264 3025 1335 3086 bls-

234 3117 380 3182 cedonum
404 3137 509 3198 ragno,
530 3119 569 3188 Q.
595 3121 735 3182 Metellos
764 3120 889 3182 Romam
914 3122 1086 3184 transtulit.v
1126 3123 1176 3180 28.
1198 3119 1339 3182 Primum

231 3215 320 3295 hujus
343 3215 472 3276 victoriae
491 3216 583 3277 decus
597 3235 690 3296 penes
706 3217 803 3298 ipsum
818 3235 916 3296 regem
931 3211 1005 3278 fuit':
1016 3226 1030 3253 ¹
1051 3215 1143 3278 aciem
1159 3216 1273 3296 optime
1286 3217 1342 3276 in-

233 3321 391 3382 struxerat,
413 3310 628 3390 observataque
642 3311 699 3372 loci
712 3325 829 3382 natura,
847 3313 1002 3391 obliquosl
1021 3333 1074 3393 per
1084 3313 1193 3374 flumen
1208 3312 1340 3374 ordines

234 3407 371 3479 duxerat,
383 3426 421 3465 ne
435 3407 534 3466 statim
548 3427 616 3467 curn
628 3427 667 3468 ex
680 3423 759 3486 aqna
772 3407 947 3479 evasissent,
962 3427 980 3468 a
994 3407 1095 3469 Persis
1108 3407 1342 3470 invaderentur.

233 3501 379 3562 Turbatus
393 3500 511 3572 deinde,
525 3502 702 3581 territosque
714 3503 863 3573 excitarit,
875 3502 1033 3574 bonatus:
1053 3511 1062 3540 ⁴
1078 3512 1111 3562 ut
1124 3503 1347 3565 saltemsetnel

233 3595 332 3659 adbuc
345 3607 466 3658 ausono
476 3597 660 3658 adorirentur
673 3598 797 3660 bostas.’
838 3600 888 3658 29.
911 3597 1015 3676 Neque
1028 3598 1125 3660 miuus
1140 3617 1231 3660 mann
1245 3599 1349 3660 sorti-

263 3767 277 3802 t
292 3757 366 3810 Plut.
379 3757 454 3810 Alex.
464 3759 481 3808 l.
491 3759 510 3808 1.
835 3757 956 3807 'Vellei
977 3759 1082 3810 Patere·
1105 3772 1125 3809 r.
1148 3763 1189 3809 ll.
1208 3762 1234 3809 4.
1256 3757 1353 3816 Plio.

264 3845 277 3879 t
293 3835 424 3886 Arriani.
437 3836 455 3883 1.
800 3833 871 3886 illst.
882 3833 943 3885 Nat.
955 3847 1026 3886 xxx.
1037 3839 1062 3886 8.

263 3915 275 3944 r
290 3909 332 3964 ld.
343 3910 361 3961 1.
372 3909 390 3960 1.
405 3909 478 3959 Plut.
497 3908 574 3962 Alex.
592 3923 617 3974 p.
627 3913 685 3960 1111.
700 3908 761 3962 Jus·
832 3917 846 3944 ⁸
862 3909 1002 3961 Diodsic.
1019 3923 1090 3963 xrtt.
1100 3925 1127 3976 p.
1139 3915 1196 3962 171.
1211 3909 1360 3976 natm,

232 3988 417 4041 timu-odd.
611 4013 615 4021 ·
801 3999 840 4037 tr.
853 3989 877 4035 1.

263 4071 275 4098 ·
291 4062 393 4113 Arrlsn.
403 4062 421 4114 1.
432 4062 450 4110 l.
831 4071 842 4108 t
860 4061 963 4114 srrtsn.
975 4075 995 4113 t.
1008 4069 1048 4120 tt.

263 4142 273 4173 ‘
288 4137 329 4188 ld·
341 4137 358 4186 ¹·
369 4138 387 4186 l·
830 4147 839 4173 ²
857 4139 975 4205 Polynn.
984 4140 1002 4190 1.
1012 4141 1029 4192 Ι.

265 4219 276 4248 ¹
293 4211 390 4262 1ι1.1.1.
408 4210 479 4260 Plus.
490 4209 507 4259 Ι.
519 4211 536 4259 Ι.
