2925 4867
578 392 801 445 rectumve.
1190 383 1214 447 9

120 533 205 599 satis
218 534 499 615 instructusesse3
509 532 663 614 debebat,
673 556 750 602 cum
757 536 832 620 jam
842 536 990 620 antiquis
1002 540 1213 623 temporibus

120 634 214 699 varia
226 639 261 698 et
273 635 380 699 mrrlta
393 633 481 699 salsa
500 634 542 697 de
555 632 751 700 Alexandro
764 644 983 716 narrarentur,
995 658 1040 704 ex
1061 640 1213 723 liquidis-

121 734 217 799 simis
229 734 380 799 lontibus
394 734 536 813 baudra,
549 735 685 801 verimi
698 754 802 819 quam
822 738 970 803 maxime
991 738 1136 818 studere,
1158 740 1212 805 id-

121 853 189 916 que
203 837 316 901 animo
331 854 354 899 a
367 836 510 918 paruum
524 835 636 901 studio
650 836 807 919 omnique
820 837 944 903 affectu
959 839 1068 903 elimo
1079 859 1090 918 3
1102 846 1210 907 artem

121 934 265 999 debebat
279 934 454 999 ostendere
468 952 536 997 non
550 932 587 997 in
599 935 700 1000 rebus
714 935 933 1015 inveniendis,
947 938 1006 1003 sed
1018 940 1054 1003 in
1068 940 1123 1018 iis,
1133 960 1211 1025 qum

120 1040 227 1111 mant,
251 1035 362 1117 iisque
385 1035 603 1116 gravioribus,
634 1036 825 1119 perspicue,
847 1038 994 1120 placide,
1016 1041 1212 1126 simpliciter

119 1133 294 1198 narrandis
306 1154 316 1214 3
337 1134 457 1217 paucis
469 1133 607 1216 defungi
620 1135 766 1201 debebat
778 1137 812 1200 in
824 1139 923 1201 rebus
937 1138 1045 1203 minna
1059 1160 1212 1208 neeessa-

120 1233 193 1312 riis‚
208 1254 272 1299 nec
285 1239 357 1299 erat
370 1235 500 1317 quaeris
522 1236 659 1301 occasio
680 1234 879 1319 eloquentiae
898 1240 1112 1327 ostentandae
1129 1261 1212 1325 cap

120 1334 235 1401 tanda·
278 1334 302 1400 J
303 1353 357 1399 am
370 1354 461 1413 vero,
476 1336 633 1403 excussis
647 1334 819 1419 diligenter
830 1338 927 1403 libris
941 1338 1123 1420 durbonis,
1133 1360 1210 1407 eum

121 1436 165 1500 ad
189 1435 378 1501 Historiam
392 1434 601 1501 scribendam
614 1454 681 1501 uon
696 1436 779 1500 satis
791 1442 1015 1520 preparatum
1028 1439 1136 1505 inisse
1149 1460 1213 1526 pa·
1321 1498 1329 1509 ,

120 1536 189 1601 lam
203 1542 267 1599 est.
311 1534 464 1601 Graecam
478 1535 640 1616 linguam,
663 1554 766 1619 equa
779 1534 964 1604 Alexandri
980 1538 1135 1606 Historia
1148 1561 1211 1625 po·

121 1636 287 1701 tissimum
312 1635 559 1703 transcribenda
571 1641 651 1713 erut,
674 1654 742 1701 non
763 1636 848 1701 satis
864 1638 1028 1719 callebat3
1051 1642 1099 1705 rei
1113 1642 1211 1705 belli·

118 1758 170 1803 cae
185 1738 237 1803 ita
249 1741 319 1801 erat
332 1736 516 1819 imperitus,
539 1743 580 1801 ut
597 1736 721 1801 nullius
735 1735 805 1802 iere
817 1739 874 1803 rel
887 1740 996 1821 praelii
1012 1740 1067 1806 rel
1081 1742 1212 1807 obsidi-

118 1840 195 1903 onis
210 1836 393 1920 descriptio
414 1836 499 1899 satis
514 1834 736 1919 intelligatur3
757 1837 944 1919 ignorantia
957 1839 992 1908 in
1004 1842 1104 1907 rebus
1118 1841 1211 1909 Geo-

116 1938 287 2022 graphicis
299 1942 390 2001 unta
403 1944 469 2015 est,
478 1941 517 2001 ut
529 1956 596 2001 non
608 1936 709 2003 facile
720 1939 878 2021 reperias,
890 1958 990 2023 qne·
1000 1941 1066 2007 boc
1076 1944 1211 2009 nomine

117 2039 150 2102 ei
165 2045 365 2121 postponas,
378 2039 439 2101 &c
484 2037 674 2104 Historiam
692 2039 802 2123 ipsam
823 2042 1005 2107 maximam
1020 2049 1150 2125 partem
1164 2062 1210 2111 ex

117 2138 244 2207 Graeco
260 2139 414 2203 Latinam
428 2137 549 2203 iecisse
565 2137 719 2218 videtum
740 2139 803 2203 aed
825 2140 856 2203 si
879 2159 956 2204 cum
970 2139 1046 2205 aliis
1061 2140 1210 2208 Histori-

118 2240 182 2316 cis,
203 2238 290 2304 forte
315 2239 447 2307 fortuna
469 2240 513 2303 ad
538 2244 655 2305 nostra
680 2248 836 2324 tempora
861 2260 968 2323 usqne
992 2244 1210 2321 conservatis·

118 2344 343 2421 comparatur,
351 2357 396 2403 ex
408 2338 553 2403 turbidis
565 2339 759 2423 plerumque
773 2339 918 2406 lontibus
927 2341 1081 2407 hausisse
1090 2344 1211 2410 merito

117 2440 281 2523 arguitur·
325 2436 483 2521 Namque
497 2438 609 2522 plures
625 2458 701 2503 enm
716 2444 869 2506 auctores
890 2439 1062 2520 babuisse,
1087 2441 1211 2509 Clitar·

117 2539 453 2622 obum‚'1'imagenem
475 2547 513 2605 et
536 2539 771 2619 Ptolemaeum,
794 2542 867 2625 ipse
879 2547 1022 2609 testatur
1035 2560 1092 2608 rx.
1107 2547 1141 2609 5.
1154 2546 1210 2611 21.

117 2641 308 2718 Ptolemaei,
336 2640 454 2725 optimi
478 2639 521 2706 de
544 2638 647 2707 Alex.
667 2642 845 2719 Historici,
872 2644 1016 2725 vestigia
1039 2644 1211 2727 aliquibus

115 2744 204 2809 locis
217 2741 386 2807 invenisse
407 2739 489 2807 mibi
508 2740 642 2821 ride0r3
665 2740 854 2806 Diodorum
870 2742 971 2807 etiam
991 2742 1138 2809 Siculum
1159 2745 1210 2808 in·

115 2844 250 2911 terdum
264 2841 310 2907 ud
324 2842 462 2907 verbum
477 2842 586 2919 vertit,
600 2841 676 2907 aliis
690 2842 904 2925 tumenlocis
918 2842 975 2908 rel
987 2843 1096 2909 multo
1112 2846 1211 2929 copi-¹

116 2945 210 3011 osior
222 2945 259 3009 in
273 2941 413 3024 singulis
425 2947 488 3018 est,
504 2940 556 3006 vel
571 2960 711 3023 prorsus
726 2942 770 3006 nb
782 2960 826 3008 eo
839 2941 1005 3024 discedit3
1018 2963 1080 3009 nec
1094 2943 1209 3027 Repe?

117 3047 216 3123 dem,
229 3043 391 3111 tumidum
405 3042 600 3125 scriptorem
614 3041 805 3125 neglexisse
826 3042 969 3121 ridetur,
989 3044 1046 3122 (de
1060 3064 1127 3128 quo
1138 3046 1209 3113 rid.

117 3148 168 3213 St.
190 3145 297 3211 Groix
317 3141 518 3219 ‘Examen'
539 3140 735 3226 &c.p.15.)
756 3142 900 3227 plurima
925 3162 1016 3222 vero,
1039 3145 1076 3210 ni
1100 3144 1211 3226 fallor,¹

118 3250 210 3313 sicut
224 3244 407 3321 Diodorus,
424 3242 595 3311 Clitarobo
610 3243 724 3321 debet,
747 3243 922 3310 Historico
936 3245 1069 3311 minime
1088 3247 1212 3328 probe·

117 3350 190 3425 bili,
204 3346 265 3423 (ci.
279 3346 328 3411 st.
342 3343 448 3409 croix
462 3364 496 3429 p.
510 3341 582 3427 17.)
602 3363 646 3409 ex
667 3343 849 3425 Timagene
869 3344 1012 3409 fortasse
1025 3353 1059 3411 et
1071 3345 1210 3429 reliquis

117 3448 253 3533 passim·
263 3443 394 3527 aliquid
409 3444 618 3509 interserens·
650 3443 736 3509 Inde
750 3444 876 3509 factum
889 3448 952 3522 est,
968 3445 1209 3529 utaliquando,

117 3569 195 3615 cum
210 3548 279 3613 duo
300 3554 454 3613 auctores
469 3544 606 3609 eandem
622 3546 758 3627 quidem
771 3566 851 3624 rem,
865 3545 1000 3612 diverso
1014 3568 1094 3615 vero
1107 3552 1208 3617 modo

118 3653 300 3725 ament,
314 3646 450 3713 Curtius
463 3646 664 3711 narrationes
676 3645 907 3731 discrepantes
919 3646 962 3712 de
976 3648 1090 3715 eadem
1109 3669 1145 3717 re
1159 3652 1210 3717 itu

117 3750 293 3835 repeteret,
313 3752 471 3830 tanquam
492 3751 604 3813 essent
628 3744 671 3811 de
694 3745 835 3812 dirersis
857 3748 968 3813 rebus
1010 3748 1080 3815 Sed
1093 3751 1209 3817 etalia

117 3852 226 3917 multa
238 3849 272 3913 in
287 3846 443 3913 Historia
461 3852 498 3911 et
517 3846 553 3911 in
568 3844 851 3929 descriptionibus
864 3866 973 3912 rerum
986 3850 1210 3916 memorabili·

117 3972 175 4017 um
199 3970 278 4016 oum
303 3949 439 4034 propria
463 3954 534 4013 tum
558 3954 731 4014 auctorum
757 3966 892 4013 suornm
916 3948 1019 4032 eulpa
1042 3952 1207 4041 peccavit.

117 4052 192 4119 Vix
206 4051 271 4116 tria
285 4048 420 4115 memini
433 4047 524 4125 loca,
543 4048 603 4113 ubi
623 4047 710 4113 salsa
724 4067 746 4113 a
760 4048 849 4113 veris
863 4047 1049 4115 discernere
1063 4059 1209 4117 cenatus

117 4156 168 4221 sit
176 4174 188 4237 ς
211 4148 422 4236 ipsepotius
444 4147 577 4229 latetur,
602 4168 639 4215 se
661 4151 758 4237 plura
778 4151 1001 4217 transcribere
1014 4170 1115 4234 quam
1140 4165 1210 4217 στοά
