2925 4867
347 434 476 485 sueri..
501 434 539 483 ru
566 436 599 495 o.
623 434 797 484 conuiuis
823 436 893 483 cru.
916 436 943 483 1.
1145 418 1190 485 73

92 574 124 633 in
138 576 283 657 ejusmodi
299 580 426 658 negotiis
447 578 581 659 peritiam
605 579 732 641 assecuti
754 561 881 639 luerunt.
923 578 1050 637 Constat
1068 577 1099 637 iu
1122 579 1188 654 ejus

98 672 188 750 operis
209 674 362 753 impensus
383 675 555 753 octingenta
576 674 690 735 talenta
710 674 918 755 philosophum
943 674 1117 754 accepisses
1156 678 1189 735 4.

98 766 176 827 Adeo
189 779 291 829 autem
303 770 503 849 coguitionem
518 769 598 831 iilum
614 770 726 842 dilexit,
742 781 776 829 ut
787 769 819 829 in
832 788 897 830 eam
918 779 1048 830 sumtum
1068 770 1189 842 laceret,

97 882 251 944 curemque
263 866 456 947 impenderet,
471 866 558 945 cujus
570 866 697 927 lructum
708 867 824 927 risurus
838 886 897 927 uon
912 875 987 928 erat.
1028 866 1103 927 Post
1119 886 1189 927 ceo·

97 970 154 1019 tum
166 980 262 1021 anuos
274 962 354 1043 capti
366 970 437 1022 suut
446 963 524 1023 cerri
533 968 550 1031 ἑ
560 982 627 1023 cum
642 964 796 1043 torquibus
809 963 918 1035 aureis,
931 980 1008 1041 quos
1019 962 1188 1034 addiderat,

96 1064 126 1113 ut
140 1056 185 1116 rel
197 1060 310 1138 posteri
324 1070 550 1139 cognoscerent,
564 1070 677 1139 quante
699 1060 773 1121 tides
794 1058 934 1119 habenda
955 1059 1032 1119 iuret
1053 1059 1102 1132 iis,
1120 1078 1189 1137 qum

97 1149 132 1211 de
148 1152 273 1215 istorum
292 1155 461 1215 animalium
483 1154 674 1234 longmvitute
694 1154 874 1216 ferebantur.
914 1156 945 1215 5.
965 1154 1190 1215 sublimioribus

96 1266 210 1329 quoque
239 1248 416 1329 disciplinis,
445 1270 519 1331 ques
549 1252 810 1312 ‘acroamaticas'
842 1250 1016 1332 appellunt?
1042 1250 1190 1313 eruditum

97 1344 194 1419 luisse,
214 1347 308 1425 ipsius
325 1358 451 1407 testetur
464 1346 609 1425 Epistola,
619 1350 636 1384 ⁶
656 1366 716 1427 qua
727 1347 859 1427 queritur
872 1346 1060 1407 Aristotelem
1071 1354 1081 1384 ‘
1091 1346 1190 1428 digni·

96 1446 181 1499 tatcm
194 1460 296 1503 earum
305 1442 452 1522 erulgutis
466 1442 623 1521 preceptis
636 1441 831 1523 profanasse!
859 1444 891 1504 6.
905 1442 945 1501 Et
954 1442 1004 1502 ille
1017 1443 1188 1511 excusarits

95 1538 268 1611 rescribens,
289 1539 330 1598 itu
344 1539 435 1599 libros
449 1539 516 1599 illos
535 1558 602 1600 esse
617 1538 726 1612 editos,
741 1548 775 1597 ut
784 1537 887 1597 haberi
900 1539 1017 1616 possint
1027 1558 1081 1619 pro
1093 1538 1190 1601 inedi-

94 1628 149 1689 tis:
171 1651 228 1692 nee
249 1633 326 1693 enirn
350 1652 518 1713 quenquam
538 1633 715 1695 seutentiam
730 1633 860 1714 ipsorum
873 1650 1054 1714 magnopere
1066 1654 1190 1716 percep-

95 1734 189 1787 turum
204 1747 283 1802 esse,
298 1729 365 1801 uisi,
379 1749 448 1810 qum
461 1728 498 1789 iis
520 1727 752 1800 continerentur,
767 1729 831 1807 jam
844 1738 935 1789 autea
955 1728 1118 1791 didicisset.
1158 1734 1189 1792 7.

96 1819 186 1897 ldenr,
209 1843 280 1885 eum
301 1825 461 1887 Rhetorica
481 1827 520 1886 ab
544 1844 581 1886 eo
604 1825 746 1905 exigeret,
767 1823 882 1886 solicite
896 1824 1000 1898 vetuit,
1013 1842 1052 1885 ue
1066 1825 1190 1887 aliorum

94 1918 181 1979 etiam
195 1921 227 1981 in
242 1940 348 1981 munus
363 1922 513 2001 pervenire
527 1932 688 2001 pateretur.
730 1922 838 2001 Neque
851 1923 930 1983 enim
941 1921 1039 1981 miuus
1056 1921 1191 1984 honestis

95 2014 217 2091 artibus,
227 2035 316 2097 quum
325 2018 471 2098 potentie,
478 2028 594 2079 ceteros
602 2028 745 2097 prostare
751 2018 908 2099 cupiebat:
922 2017 1190 2098 indignabaturque

95 2113 304 2175 communicari
318 2113 438 2175 laudem
452 2114 533 2174 illem
547 2134 613 2175 cum
627 2114 808 2175 humillimis.
849 2116 879 2173 8.
899 2112 1058 2173 Medicina
1071 2132 1191 2193 quoque

95 2206 192 2269 studio
217 2210 364 2271 imbutum
385 2211 423 2269 ab
443 2207 621 2271 Aristotele¹
633 2209 705 2296 ‘lilio
714 2208 832 2280 medici,
845 2228 882 2269 ex
896 2218 985 2288 geute
998 2207 1191 2289 Asclepiade·

95 2321 166 2375 rum,
188 2305 279 2365 fidem
299 2308 393 2385 ipsius
417 2306 561 2387 Epistolo
580 2294 704 2367 iaciunt.
747 2307 775 2365 9.
798 2305 870 2365 Eum
884 2313 984 2365 autem
997 2303 1193 2385 pbilosophis

94 2409 218 2477 partem,
240 2420 308 2480 quoe
333 2403 388 2463 sibi
414 2402 538 2482 aliisque
561 2404 653 2483 probe
676 2401 820 2481 imperare
842 2400 942 2472 docet,
963 2400 1007 2459 ita
1030 2401 1134 2474 coluit,
1158 2412 1193 2462 ut

95 2498 347 2575 magnanimitate,
365 2498 533 2578 prudentie,
557 2497 765 2577 temperantis,
788 2494 972 2568 fortitudine,
992 2514 1083 2575 quatu
1103 2500 1193 2558 armis

94 2600 122 2651 et
134 2594 245 2675 opibus
259 2596 439 2670 instructior,
453 2606 567 2655 tantm
582 2594 695 2674 imperii
709 2593 823 2655 Persici
845 2591 953 2653 molem
976 2592 1117 2652 subruere
1139 2613 1193 2673 ag·

95 2707 215 2765 gressus
237 2702 404 2753 censeatur.
450 2694 497 2751 10.
519 2692 586 2771 lpse
599 2690 719 2770 quidem
732 2689 932 2769 praedicarit,¹
952 2688 1143 2750 ‘uouminus
1158 2708 1192 2749 se

95 2782 201 2847 debere
215 2786 378 2859 Aristoteli,
398 2806 487 2866 quam
502 2787 659 2868 Philippo:
682 2786 769 2866 hujus
782 2786 862 2847 euim
875 2804 982 2845 muuus
996 2784 1099 2859 luisse,
1111 2783 1192 2863 quod

95 2880 224 2950 vireretr
240 2882 330 2955 illius,
344 2883 425 2962 quod
437 2883 562 2944 honeste
576 2883 705 2943 vireret.²
739 2884 787 2941 ll.
809 2881 964 2960 Ingenium
975 2891 1074 2942 umen
1083 2879 1191 2940 ardeus

95 2977 266 3050 ambitione,
293 2980 384 3039 nimis
410 2977 531 3039 honoris
556 2977 718 3057 glorireque
746 2975 969 3056 predicatione,
996 2994 1088 3056 quam
1115 2975 1192 3035 iuter

96 3090 205 3149 genera
225 3074 369 3134 bonorum
396 3074 580 3136 referendum
608 3092 675 3135 esse
702 3072 879 3134 Aristoteles
905 3071 1053 3144 sciverat·
1080 3072 1191 3132 elatum

96 3168 199 3241 inisse,
211 3180 319 3229 utnon
333 3170 423 3231 modo
437 3172 549 3251 imperii
564 3169 745 3250 prorogandi
759 3169 855 3248 grstia
867 3168 947 3230 bella
960 3186 998 3228 ex
1011 3166 1098 3226 bellis
1111 3184 1191 3225 sere-

96 3274 148 3336 ret,
172 3284 272 3325 rerum
292 3265 382 3327 etiam
404 3267 487 3326 Deus
503 3266 603 3327 haberi
618 3266 717 3337 vellet,
731 3264 851 3345 quidam
865 3283 926 3323 non
940 3261 1084 3323 immerito
1096 3260 1194 3321 credi·

96 3358 176 3421 dere.
212 3364 259 3422 12.
275 3362 412 3422 Ceterum
423 3381 482 3423 nou
496 3360 590 3421 solum
600 3364 764 3441 imperante
772 3358 944 3420 Alexandro
952 3357 1059 3418 eximio
1069 3357 1192 3432 honore,

97 3455 288 3536 maximisque
301 3459 471 3519 muneribus
486 3456 610 3519 allectus
625 3454 877 3523 estAristoteles;
898 3453 953 3515 sed
967 3464 999 3513 et
1013 3452 1080 3512 riro
1092 3452 1192 3514 udbuc

97 3551 234 3633 Philippo
247 3553 352 3635 ingens
364 3553 556 3616 iustitutionis
568 3574 631 3615 sure
646 3555 771 3635 pretium
782 3550 910 3611 tulerat:
931 3550 1097 3631 impetrato,
1113 3560 1147 3610 ut
1159 3552 1191 3611 iu

96 3648 191 3727 ipsius
213 3649 338 3729 gratim
363 3650 460 3730 putria
486 3650 716 3737 instauraretur.¹
772 3650 820 3708 1³.
852 3645 1011 3728 Olynthios
1038 3644 1192 3725 Philippus

97 3744 253 3805 acerrimos
276 3745 378 3810 hostes
398 3756 535 3827 expertus
557 3748 671 3816 iuerat:
694 3762 764 3807 uam
779 3743 869 3804 ricini
886 3741 1083 3814 Macedonia,
1095 3749 1127 3803 et
1141 3762 1195 3822 po-

126 3909 292 3961 eAthenaeus
308 3923 349 3961 rx.
361 3916 400 3964 lt.
699 3911 793 3962 rPtur.
804 3909 880 3961 Alex.
892 3910 937 3961 1.1.
950 3910 1035 3961 Ethic.
1047 3924 1088 3961 rr.
1094 3915 1119 3961 7.

128 3986 139 4019 ‘¹
151 3986 223 4037 Plio.
234 3988 252 4038 Ι.
263 3988 281 4037 l.
293 3991 336 4037 66.
698 3985 827 4037 *Luctum
839 3986 908 4036 Diui.
916 3986 998 4036 Mort.
1008 3998 1073 4035 xrrr.

128 4061 309 4113 ‘PlutAlem
321 4078 347 4128 p.
359 4066 418 4113 666.
450 4061 563 4128 Dionys.
571 4063 625 4115 lis·
697 4062 704 4097 ¹
720 4063 790 4113 Plut.
802 4061 878 4112 Alex.
895 4062 914 4112 Ι.
930 4062 947 4112 l.
979 4061 1020 4112 ld.
1038 4062 1097 4111 sdr.
1117 4058 1194 4111 Colo·

96 4137 139 4187 lic.
152 4138 188 4187 ud
198 4139 330 4189 Amanum
342 4154 369 4205 p.
382 4144 438 4191 121.
665 4143 728 4189 teru-
738 4152 763 4189 ο.
772 4143 813 4188 ⁵1.
831 4136 962 4201 Apophth.
970 4140 1010 4187 66.
1029 4136 1120 4187 AElisu.
1130 4136 1193 4185 Vsr.

129 4214 143 4241 '
153 4213 225 4264 Geli.
236 4216 315 4265 Nost.
328 4214 413 4269 Attio.
425 4228 472 4267 xx.
482 4218 507 4267 6.
520 4218 544 4265 8.
666 4213 738 4264 illst.
749 4226 800 4263 ιιι.
824 4217 864 4262 64.
880 4212 939 4262 Vsi.
952 4213 1026 4263 Max.
1037 4226 1062 4263 r.
1071 4216 1096 4263 6.
1106 4216 1132 4265 6.
1151 4211 1193 4264 Jo.

129 4288 228 4339 'Plut
240 4289 315 4342 Alex.
327 4292 345 4340 1.
355 4292 373 4341 l.
436 4326 438 4329 -
665 4288 776 4339 Tretscs
786 4288 982 4339 enituntur.
