2925 4867
353 363 393 411 ιιι
418 363 595 423 aurarum
620 360 795 411 cucuron
823 363 970 412 aurun.
1168 349 1211 411 47

110 504 325 569 ‘distinctior
338 510 371 569 et
393 505 550 571 urbanior
573 511 606 569 et
628 504 726 569 altior
754 503 886 583 Cicero,
911 504 1077 569 Cicerone
1099 505 1214 569 mitior

111 606 277 672 Corvinus
292 614 329 671 et
343 606 473 672 dulcior
487 608 568 673 etin
582 607 692 671 verbis
705 608 814 689 magis
828 607 1041 672 elaboratus!
1078 605 1213 672 Cicero-

109 712 161 773 nis
176 710 288 773 oratio
309 710 408 773 hehet
423 709 702 793 pulchritudinem
721 711 859 787 virilem,
886 710 993 774 Curtii
1009 728 1091 773 vcro
1104 709 1221 775 oratio'

110 812 210 876 habet
226 810 468 875 formositatem
484 810 689 875 muliebrem.
733 810 800 875 Vel
816 810 918 876 etiam
934 811 984 875 sic
1003 810 1079 875 ferri
1102 817 1214 894 potest

111 914 295 979 sententia:
318 914 426 979 cultus
441 912 520 997 styli
543 911 756 978 Ciceroniani
771 921 824 977 est
837 912 1042 989 matronalis,
1064 910 1213 979 Curtiaui

102 1015 299 1097 uirginalis.
342 1014 396 1079 Ita
414 1014 549 1099 judicat
571 1014 795 1081 Heumannus
815 1014 851 1081 in
873 1014 974 1081 Notis
988 1015 1032 1079 ad
1047 1013 1213 1096 Curtium,

112 1135 202 1200 quas
222 1117 259 1179 in
283 1115 488 1181 Praefati'oue
513 1116 664 1195 laudavi,
685 1123 788 1199 atque
808 1115 962 1200 equidem
977 1136 1046 1181 non
1061 1116 1214 1183 dubitari

112 1217 200 1281 tanti
215 1216 277 1280 viri
286 1215 453 1300 judicium
468 1215 592 1282 addere
605 1216 823 1282 Testimoniis
836 1216 999 1284 illisvv.
1017 1218 1096 1283 DD.
1112 1219 1153 1284 de
1168 1217 1213 1299 Q.

112 1318 232 1383 Curtio
246 1316 340 1383 Rufo
355 1336 432 1413 quae
458 1319 493 1383 in
508 1318 658 1385 editione
674 1318 973 1402 Snakeuhurgiaua
996 1327 1117 1385 extant
1140 1322 1216 1405 plo·

112 1440 211 1486 runa.

154 1522 341 1589 Character
362 1524 443 1608 styli
465 1523 619 1591 Curtiani
642 1525 795 1609 inprimis
809 1524 863 1591 his
877 1525 1060 1591 virtutibus
1073 1526 1215 1592 existit:

111 1642 135 1689 ι.
152 1624 267 1690 Totus
281 1633 332 1691 est
345 1626 608 1709 metaphoricos,
622 1629 783 1694 attributa
797 1627 1017 1696 animantium
1029 1628 1130 1694 rebus
1144 1629 1217 1693 ina·

110 1727 251 1791 nimatis
264 1727 422 1803 tribuens,
438 1734 471 1793 et
487 1730 562 1793 rice
579 1748 685 1795 versa.
730 1747 780 1799 ιι.
797 1728 967 1796 concisus
977 1720 1048 1795 'reu
1064 1748 1216 1812 pressus,

110 1827 223 1893 multa
250 1830 285 1892 in
315 1847 415 1895 uuam
443 1830 619 1913 periodum
648 1832 904 1915 participiorum
933 1850 1000 1916 ope
1029 1839 1216 1899 coarctans.

111 1946 172 1995 ιιι.
196 1930 366 2009 Selectos,
387 1931 472 1997 inter
496 1931 634 2016 phrases
653 1933 703 1997 rei
718 1932 948 1998 describendae
962 1938 1060 2016 aptas
1085 1951 1218 2016 semper

111 2033 244 2116 eligens
259 2034 405 2097 maxime
420 2035 591 2117 propriam
606 2040 641 2099 et
658 2034 807 2099 omnium
828 2034 1121 2114 elegantissimam.
1167 2050 1217 2101 ιι.

109 2134 299 2218 Copiosns,
319 2134 459 2201 candem
475 2136 731 2202 enuntiationem
745 2141 968 2201 recurrentem
981 2133 1092 2199 multis
1107 2135 1218 2201 modis

108 2237 265 2302 varians.
321 2254 356 2301 v.
385 2236 843 2321 Viridus,pimaginationem
870 2239 918 2303 ita
941 2237 1070 2314 seriens,
1099 2243 1219 2303 utres

110 2358 184 2403 rron
208 2339 347 2417 naman,
378 2339 439 2404 sed
462 2341 529 2424 geri
553 2340 717 2417 videatur,
747 2348 850 2424 atque
880 2340 986 2404 lector
1013 2332 1219 2423 putet,'sese

108 2440 242 2505 actioni
261 2440 429 2505 interesse.
486 2457 536 2505 vr.
553 2440 762 2505 Numerosus
777 2448 811 2505 et
824 2450 921 2525 grata
936 2439 1131 2523 trajectione
1148 2461 1220 2516 ver·

108 2542 237 2606 horum
252 2526 399 2606 animum
416 2542 451 2606 in
464 2541 604 2623 legendo
620 2542 780 2607 retinens.
829 2559 893 2605 vrr.
922 2541 1060 2617 Castus,
1072 2561 1125 2619 ea,
1140 2560 1217 2625 qnae

107 2663 146 2706 re
164 2642 278 2726 turpia
292 2647 380 2718 sunt,
391 2642 541 2707 honestis
557 2642 735 2727 appellans
751 2644 954 2707 nominibus.

157 2743 315 2810 Ceterum
331 2752 386 2809 est
400 2743 646 2823 admirandum,
662 2755 788 2829 quanta
802 2766 879 2811 cum
894 2745 1066 2828 diligentia
1084 2744 1120 2809 id
1141 2764 1220 2828 ege·

107 2849 157 2912 rit
174 2846 328 2924 Curtius,
343 2854 381 2911 ut
396 2846 488 2911 Livii
509 2849 543 2912 in
565 2846 709 2913 dicendo
731 2856 822 2913 esset
843 2848 973 2913 similis.
1018 2846 1133 2932 Atque
1157 2847 1221 2911 hoc

107 2949 219 3013 etiam
243 2947 329 3012 adeo
356 2947 407 3011 illi
426 2948 604 3026 successit,
617 2956 657 3013 ut
671 2950 860 3032 exemplum
875 2949 918 3013 ad
935 2949 1130 3014 imitandum
1144 2968 1222 3033 pro-

107 3050 269 3134 positum
283 3068 348 3113 non
364 3049 473 3135 solum
488 3052 703 3134 expresserit,
720 3051 778 3115 sed
793 3052 895 3117 etiam
908 3070 1145 3133 nonnunquam
1164 3070 1222 3115 en·

106 3154 299 3239 peraverit.
344 3153 501 3219 Raderus
529 3154 610 3220 Not.
636 3154 679 3221 ad
706 3154 802 3220 Curt.
830 3154 1222 3222 analemmatos

107 3251 282 3332 ‘Livius’
305 3254 424 3337 inquit,
448 3259 459 3293 ‘
471 3275 557 3320 unus
583 3260 646 3332 est,
674 3257 732 3338 qui
757 3256 919 3323 orationis
944 3257 1123 3340 majestate
1138 3254 1222 3321 Cur

105 3360 201 3423 tium
210 3362 292 3441 post
304 3375 340 3420 se
355 3356 499 3440 reliquit,
512 3356 665 3421 acumine
679 3356 801 3439 ingenii
816 3362 850 3422 et
864 3357 1100 3424 sententiarum
1112 3357 1224 3422 nervis

108 3458 261 3524 Curtius
283 3457 332 3521 illi
357 3458 409 3521 vel
432 3477 495 3541 par
516 3464 578 3535 est,
602 3458 773 3536 ueletiam
791 3457 967 3542 superior!
1011 3457 1225 3538 Quinimmo

106 3560 256 3647 penitus
278 3557 311 3623 in
335 3558 425 3627 Livii
452 3558 713 3625 familiaritatem
739 3578 817 3625 sese
843 3558 987 3637 dedisse,
1001 3560 1144 3644 ejusque
1159 3578 1225 3626 nou

108 3662 270 3729 colorem
294 3664 327 3724 et
351 3664 514 3744 speciem,
533 3660 707 3727 sedetiam
724 3680 863 3727 succum
879 3669 915 3725 et
931 3660 1130 3744 sangninem
1145 3662 1226 3725 arri-

106 3764 239 3851 puisse
254 3759 395 3836 ridctur,
411 3780 473 3828 nec
488 3763 561 3827 scio
578 3782 622 3827 an
638 3763 732 3827 illum
748 3765 958 3847 superaverit
971 3782 1048 3829 cum
1058 3762 1227 3845 puritatis,

106 3878 192 3933 tum
200 3861 380 3947 elegantiae
395 3862 523 3941 studio,
538 3871 573 3928 et
588 3883 655 3948 quo
668 3865 781 3929 minus
793 3866 872 3949 quis
887 3864 1028 3935 dubitet,
1042 3883 1112 3928 rem
1128 3864 1175 3929 ita
1189 3882 1227 3928 se

105 3968 255 4043 habere,
281 3962 425 4028 indicem
451 3966 608 4048 plurium,
634 3969 1040 4051 quaciortesuccorrunt,
1054 3966 1110 4035 hio
1125 3963 1228 4047 subji-

108 4071 210 4139 ciam
224 4065 412 4155 phrasium,
427 4067 551 4151 quihus
562 4072 702 4152 uterque
717 4067 840 4137 iisdem
854 4068 898 4141 da
913 4067 1013 4138 rehus
1024 4071 1077 4134 est
1090 4083 1184 4135 reue.
