2925 4867
353 419 480 470 surra.
503 419 544 468 ru
569 421 603 482 o.
626 419 801 470 cunarum
827 423 898 471 nra.
921 425 947 471 r.
1131 409 1197 476 105

109 558 282 632 mercedem,
303 579 372 622 cum
399 561 536 640 prasenti
562 560 707 634 libertate,
730 561 838 622 famam
862 561 942 641 apud
961 573 1096 642 posteros
1117 517 1195 626 tulit.

109 657 189 716 luter
200 657 343 727 lbracaa,
356 656 407 735 qui
421 655 590 716 Alexandro
613 656 788 730 militabant,
802 657 923 738 quidam
940 658 1071 737 equitnm
1091 657 1198 722 ductor

107 759 178 830 post
187 751 247 810 rim
259 749 375 810 mulieri
387 749 541 822 illatam}
554 752 605 812 ubi
627 753 840 834 pretiosissima
852 771 979 834 quasque
999 753 1196 829 occuluisset·

108 846 330 906 minitabundus
343 846 552 927 interrogabat.
591 851 643 909 29.
663 849 721 909 Illa
742 867 802 908 uon
821 857 881 910 tam
895 869 984 930 upum
997 869 1086 930 quam
1101 851 1197 930 pudo·

106 939 147 999 ria
161 940 270 1002 damno
284 951 402 1014 murata,
422 943 574 1005 avamtiam
590 945 707 1006 barbari
721 946 752 1004 in
773 945 959 1006 occasionem
971 946 1111 1007 vindictae
1124 965 1197 1008 con·
1232 1017 1236 1024 ¹

108 1037 212 1097 vertit:
232 1048 411 1117 ostensoque
423 1048 523 1116 puteo,
536 1039 566 1098 in
578 1059 666 1119 quem
679 1038 822 1100 muudum
835 1059 921 1101 suum
934 1041 1096 1121 conjecisse
1110 1043 1199 1102 simu·

108 1131 200 1203 labat,
209 1132 355 1192 bominem
368 1131 477 1212 cupida
490 1151 527 1193 eo
539 1131 748 1214 despicientem
762 1136 913 1198 subductis
925 1137 1051 1218 pedibus
1066 1139 1196 1218 impulit:

108 1227 310 1307 conjectisque
325 1228 453 1308 desuper
482 1228 573 1304 saxis,
597 1249 665 1290 cum
687 1248 725 1290 ex
750 1243 877 1311 augusto
898 1231 1103 1314 profundoque
1127 1235 1196 1295 loco

107 1341 266 1384 mosum
279 1323 388 1385 Ausus
398 1323 560 1398 moliretur,
568 1327 676 1388 obruit.
698 1329 747 1387 30.
760 1327 981 1408 Comprehensa
993 1347 1011 1390 a
1024 1329 1197 1390 turmalibus

108 1418 211 1491 occisi,
224 1419 478 1481 adAiexaudrnm
502 1415 636 1493 trabitur,
651 1432 686 1481 ut
708 1423 854 1482 interlecti
877 1421 960 1484 ducis
979 1441 1081 1504 prauae
1102 1423 1197 1485 daret.

108 1516 160 1574 al.
180 1513 225 1574 lbi
238 1514 437 1596 interrogante
449 1535 531 1596 rege,
554 1522 715 1595 ‘quaenam
734 1527 824 1590 esset,
844 1526 875 1578 et
898 1519 936 1578 ob
957 1519 1037 1598 quod
1057 1519 1197 1580 delictum

106 1607 332 1680 adduceretur:¹
344 1611 491 1694 intrepido
505 1612 588 1673 voitu
601 1622 633 1672 et
643 1631 728 1684 voce,
744 1619 754 1648 ‘
768 1612 954 1693 Theogenis,’
967 1615 1071 1693 iuquit,
1092 1625 1100 1650 ⁸
1116 1633 1199 1674 soror

107 1721 194 1765 aum:
214 1706 289 1785 ejua
301 1709 352 1786 qui
365 1725 418 1786 pru
431 1707 567 1769 libertate
580 1707 707 1769 Graeciae
719 1707 926 1769 Thebanorum
939 1710 1096 1789 imperator
1108 1728 1198 1770 occu·

106 1800 183 1860 buit.
216 1805 266 1864 ³2.
280 1803 420 1882 iujuriam
433 1822 529 1864 meam
541 1804 606 1866 ulta
617 1805 764 1866 castitatis
777 1823 852 1866 mese
865 1805 1034 1884 predonem
1049 1805 1197 1866 interemi:

105 1896 157 1954 cui
180 1898 205 1957 si
227 1917 294 1960 areo
316 1898 460 1979 supplicio
473 1903 620 1980 parentari
635 1901 752 1980 jubeas,
767 1899 844 1963 scier
857 1901 990 1962 honestae
1002 1901 1117 1962 mulieri
1131 1911 1199 1981 pust

105 1999 253 2051 utorium
265 1992 436 2072 pudicitiam
451 1995 555 2073 spiritu
568 1994 641 2054 nihil
656 1995 741 2056 vilius
755 1999 839 2057 esse:
861 2015 949 2076 quam
968 2006 1127 2075 utcumque
1147 2013 1199 2055 er·

105 2085 219 2163 pellere
245 2087 439 2161 festinaveris,
466 2109 533 2150 seru
564 2090 680 2163 moriar,
707 2089 813 2170 pudori
841 2091 1003 2170 patriaque
1030 2090 1200 2170 superstas?

106 2181 157 2242 33.
177 2182 346 2243 Alexander
358 2187 479 2264 cognita
490 2204 591 2259 musa,
611 2187 778 2247 ‘Thracem
795 2187 862 2266 jure
881 2187 1004 2246 cmrum'
1026 2185 1198 2264 pronuntia·

106 2279 167 2345 rit:
189 2284 199 2312 ‘
213 2297 311 2358 neque
324 2279 380 2340 sibi
402 2280 519 2360 placere
533 2281 670 2362 ingenuis
684 2281 854 2342 mulieribus
868 2283 926 2341 vim
940 2282 1030 2342 fieri?
1048 2280 1199 2341 collauda·

105 2383 228 2453 nmque
248 2373 431 2450 ‘laminam
449 2395 517 2438 cum
536 2378 673 2438 omuibus
693 2379 745 2457 qui
766 2377 942 2457 cognatione
962 2378 1056 2457 ipram
1072 2376 1199 2455 attinge·

106 2479 185 2541 rent,
199 2469 321 2530 liberam
335 2471 420 2531 aase'
434 2471 542 2551 jussit:
563 2480 616 2533 ‘at
628 2492 688 2551 quo
702 2472 828 2552 quisque
841 2471 932 2533 vellet
946 2471 1135 2533 discedendi'
1148 2490 1200 2550 po·

106 2575 247 2626 lutatam
259 2563 341 2626 fecii.
364 2569 413 2626 ³4.
430 2565 566 2646 Pepercit
578 2577 610 2628 et
623 2567 744 2656 lfiudari
758 2567 904 2646 posteris,⁸
920 2565 950 2625 iu
959 2567 1101 2627 honorem
1113 2567 1198 2638 vatia,

104 2660 158 2739 qui
169 2679 311 2740 proavum
323 2663 402 2740 regia
411 2661 611 2723 Alexandrum
627 2663 806 2723 carminibus
821 2663 881 2723 suis
896 2663 1076 2722 inseruerat:
1093 2661 1200 2743 ipsius·

105 2775 168 2834 que
189 2756 311 2817 domum
333 2758 456 2818 cremari
476 2760 579 2820 vetuit.
621 2762 670 2819 35.
692 2757 761 2818 Non
786 2758 863 2818 euim
886 2767 1060 2838 praesentem
1085 2766 1200 2817 tautum

104 2854 248 2912 virtutem
268 2851 435 2920 adamarit:
456 2855 668 2916 verumetiam
691 2851 860 2913 memoriam
878 2869 1053 2931 magnorum
1074 2852 1200 2912 virorum

106 2947 282 3020 reverentia,
306 2959 339 3008 et
359 2949 532 3028 propomam
555 2947 671 3009 illorum
694 2943 844 3008 beneflmia
866 2950 1040 3026 prosecutus
1053 2957 1110 3007 eat.
1151 2947 1200 3006 36.

106 3043 189 3102 Nam
202 3051 234 3102 et
245 3051 351 3123 postes
362 3061 431 3104 curn
443 3049 592 3122 postremo
604 3041 707 3124 proelio
721 3043 843 3103 Darium
858 3042 987 3114 vicisset,
1000 3042 1201 3102 crotoniatis·

104 3139 221 3217 pmdoe
233 3152 346 3218 partem
358 3138 449 3211 misit,
462 3137 543 3218 quod
556 3138 663 3198 Xerxis
675 3138 765 3211 bello,
776 3137 881 3197 ceteris
894 3137 1065 3196 Graecorum
1077 3135 1201 3196 coloniis

105 3232 149 3296 de
165 3233 284 3294 Graecia
297 3231 531 3315 desperantibus,
545 3232 692 3314 Phayllu'
709 3233 785 3294 duce
801 3233 944 3294 triremem
957 3250 1047 3292 uuam
1061 3230 1101 3290 ad
1115 3229 1200 3290 Sala-

105 3329 221 3388 minem
241 3329 408 3389 misissent:
429 3338 460 3390 et
483 3328 665 3390 Plataeenses
685 3330 797 3390 honore
821 3328 966 3406 donisque
988 3325 1111 3396 affecit,¹
1132 3328 1202 3405 quia

104 3424 239 3504 majores
259 3443 359 3486 eorum
372 3424 488 3485 Graecis
509 3423 652 3486 aduersus
666 3423 853 3486 Mardonium
874 3420 1076 3501 praeliantibus
1097 3437 1200 3501 agrum

105 3539 199 3581 suum
212 3519 292 3580 douo
305 3519 459 3581 dederant.

151 3615 236 3675 XlV.
279 3618 307 3675 l.
328 3615 415 3676 llanc
427 3616 633 3678 lbebaumum
651 3611 767 3676 clade'm
785 3613 878 3674 multa
901 3623 1020 3674 ostenta
1040 3627 1201 3692 praeesse-

104 3715 206 3775 ruut¹
243 3711 349 3771 'liibus
363 3721 432 3771 ante
444 3713 595 3772 mensibus
608 3730 697 3791 quam
712 3707 881 3769 Alexander
894 3706 1072 3778 advenisset,
1087 3707 1116 3765 iu
1130 3705 1208 3766 iano.

105 3807 242 3878 Cereris,
262 3827 332 3886 qum
350 3806 628 3887 ‘Thesmophorou’
646 3805 823 3886 appellatur,
844 3813 1005 3884 conspecta
1022 3813 1069 3863 est
1085 3819 1200 3861 aranea

104 4003 204 4053 lieni.
212 4004 238 4051 t.
250 3998 352 4050 Arriae.
362 4013 381 4052 ι.
392 4004 418 4051 a.
427 3997 545 4064 Polyau.
558 3999 638 4051 strat.
709 4008 721 4032 ¹
738 3999 809 4047 Plut.
820 3994 894 4045 Alea.
905 4009 932 4059 p.
943 3997 1001 4046 σοι.

105 4081 227 4130 vernali.
710 4081 722 4107 t
739 4071 938 4122 Herodotmrr.
948 4070 1008 4122 la.

142 4151 274 4203 ‘Arriam
293 4151 311 4200 l.
333 4152 353 4200 l.
375 4149 467 4202 AEiian.
486 4150 550 4201 Var.
568 4149 638 4201 illst.
708 4156 722 4183 ¹
740 4147 811 4196 Piut.
823 4143 931 4196 Aristid.
948 4159 973 4208 p.
982 4147 1040 4196 ild.

107 4241 181 4282 xrrr.
190 4231 217 4278 t.
488 4261 493 4270 .
708 4231 721 4256 ⁸
739 4223 819 4274 Diod.
828 4221 879 4272 Sic.
888 4235 915 4285 p.
924 4225 981 4272 tat.
994 4222 1105 4271 Paurau.
1116 4231 1157 4268 rx.
