2925 4867
262 409 307 476 86
657 427 688 476 ι.
712 425 965 476 serrusrrsurr

263 578 331 630 tuos
344 568 452 629 servire
467 567 603 635 voluisti;
625 576 658 626 tu
682 577 793 638 autem,
817 567 951 638 Daoebe,
966 575 997 628 et
1011 575 1055 640 tu,
1069 567 1253 640 Thrasirlsse
1268 569 1362 632 Thes·v

263 665 344 724 salos
366 665 427 744 regi
451 663 638 726 vendidistis.
693 667 741 724 13.
762 663 946 724 Thessaliam
969 664 1046 724 enirn
1070 665 1210 725 servitute
1235 665 1364 747 Philippi

263 761 355 839 premi
370 760 488 831 videtis,
499 760 644 832 Thebani,
657 770 698 830 et,
708 759 766 818 nisi
780 758 877 830 fallor,
886 760 973 838 juxta
987 760 1138 822 nobisomn
1153 759 1362 840 ingemiscitis:

264 857 450 935 Byzantium,
464 867 607 934 quantum
622 857 652 914 in
665 855 801 935 Pythone
816 855 883 926 suit,
898 856 975 918 idem
986 857 1128 918 manebat
1138 857 1272 930 esitium,
1283 857 1365 936 quod

263 953 415 1032 Olynthus
439 971 582 1034 perpessa
603 963 669 1012 est:
692 971 747 1012 nos
770 950 968 1012 liberavimus.
1013 953 1060 1014 14.
1083 952 1201 1032 Quippe
1224 953 1364 1014 Grmcam

262 1050 421 1120 civitatem,
442 1069 510 1108 eum
531 1049 657 1109 maxime
681 1047 793 1108 sociam
812 1059 900 1126 atque
925 1049 1110 1120 smderatam,
1134 1048 1184 1108 ille
1206 1047 1363 1128 religiosus

264 1155 351 1224 atque
374 1145 549 1206 venerabilis
572 1153 701 1207 assertor
724 1145 851 1206 Graeoiae
873 1165 927 1206 osc
948 1145 1118 1224 opinantem
1129 1144 1296 1226 opprimere
1311 1164 1364 1223 eg·

263 1259 384 1318 gressus
396 1243 501 1302 fuerat.
531 1243 606 1303 llaee
620 1252 668 1302 est
678 1242 813 1302 nimirum
830 1243 972 1320 praeclara
985 1243 1078 1322 ipsius
1092 1239 1267 1322 prudentia:
1282 1241 1363 1302 uelli·

263 1337 384 1400 ditatern
405 1357 459 1416 pro
480 1339 600 1417 ingenio
620 1338 726 1398 habet:
747 1339 904 1417 perjurium
922 1350 1014 1400 artem
1030 1349 1136 1417 putat:
1157 1335 1283 1416 perfidis
1297 1347 1363 1400 mn·

262 1451 352 1512 quam
366 1436 473 1496 virtute
485 1436 586 1496 utitur.
627 1436 675 1495 15.
697 1436 759 1494 Aut
779 1433 861 1496 dieat
881 1433 1020 1513 denique,
1044 1453 1106 1513 quo
1126 1431 1188 1494 alio
1200 1445 1292 1512 paeto
1304 1433 1364 1494 lor·

262 1530 431 1591 midabilem
442 1533 525 1592 illam
539 1533 700 1612 potentiam
715 1541 821 1592 nactus
836 1543 900 1592 est:
923 1533 947 1594 si
963 1531 1087 1592 Groeoos
1102 1529 1269 1608 fraudibus,
1292 1531 1364 1592 insi·

263 1625 332 1698 diis,
346 1628 512 1706 proditione
526 1647 586 1687 non
600 1629 695 1707 oepit;
711 1628 737 1686 si
751 1629 892 1690 barbaros
903 1628 991 1692 etiam
1006 1647 1065 1688 non
1078 1645 1148 1688 auro
1157 1627 1256 1714 magis
1270 1645 1362 1706 qnam

261 1722 339 1784 ferro
352 1722 421 1782 vicit
429 1743 440 1792 ι
457 1723 482 1782 si
494 1723 624 1802 denique
637 1723 776 1802 cuiquam
790 1724 955 1784 mortalium
970 1735 1022 1784 aut
1032 1722 1120 1784 iidem
1135 1721 1210 1784 dare
1220 1733 1362 1800 graratm

262 1829 320 1890 est,
338 1827 390 1878 sut
402 1817 504 1880 datam
519 1819 621 1880 lallare
635 1837 696 1878 non
711 1818 860 1880 sustinuit.
905 1821 952 1879 16.
973 1819 1043 1880 letis
1057 1829 1155 1880 umen
1169 1817 1219 1878 ille
1235 1818 1363 1880 Grrsoie

262 1913 380 1985 sinder,
403 1934 457 1975 nos
472 1918 689 1994 perturbatores
702 1935 806 1976 sumus
819 1922 827 1974 t
858 1915 918 1976 Sed
931 1915 1004 1995 quid
1019 1916 1093 1978 istos
1106 1913 1229 1994 pudeat,
1242 1913 1294 1993 qui
1307 1933 1364 1976 sus

261 2010 483 2072 criminanobis
497 2012 644 2090 objectare
665 2012 791 2082 malunt,
811 2031 902 2090 qnam
924 2031 984 2072 non
1007 2011 1166 2072 admonere
1180 2029 1234 2070 ros
1248 2029 1363 2084 summ,

262 2125 387 2185 quorum
410 2107 467 2187 ipsi
489 2107 637 2168 manifesti
664 2107 757 2169 sonti
799 2109 830 2167 Si
856 2109 923 2187 quis
951 2119 1103 2189 captorum
1128 2125 1285 2168 munerum
1312 2115 1365 2168 ast

261 2201 435 2279 proditionis
463 2221 530 2262 reus
558 2211 648 2275 esset,
677 2202 760 2262 illurn
786 2202 910 2274 tuendo,
939 2199 1167 2284 propugnando,
1189 2201 1307 2281 legibus
1333 2213 1365 2264 et

261 2297 356 2376 poenis
365 2297 529 2375 eripiendo,
540 2308 667 2358 restrum
678 2297 831 2376 negotium
844 2300 989 2378 ageretis:
1005 2318 1084 2361 nuno
1095 2299 1168 2360 alios
1179 2297 1363 2371 accusando,

263 2393 292 2452 in
309 2410 361 2450 ros
377 2392 554 2452 sententiam
576 2392 686 2452 dicitis.
730 2395 777 2453 1⁷.
800 2393 889 2462 Quod
915 2395 939 2456 si
962 2394 1069 2474 ignari,
1093 2413 1234 2473 quorsum
1256 2413 1294 2456 ea
1315 2413 1364 2456 res

260 2486 429 2565 pertineret,
443 2486 473 2547 id
488 2485 650 2548 admisistis
662 2510 671 2558 ι
692 2487 880 2567 prudentiam
896 2489 926 2550 ἰιι
939 2490 1023 2551 robis
1036 2490 1171 2568 requiro:
1193 2489 1219 2550 si
1233 2489 1364 2552 solentes

260 2582 499 2662 prudentesque:
520 2583 741 2645 verecundiam.
787 2587 834 2645 18.
857 2584 915 2644 Pro
929 2603 1005 2658 inea,
1018 2585 1128 2664 quique
1141 2585 1171 2644 in
1185 2583 1288 2648 eadem
1301 2605 1364 2648 me·

261 2697 328 2742 cam
342 2697 435 2739 eausa
450 2688 531 2750 sunt,
555 2679 725 2740 innocentia
746 2679 905 2752 suffecerit,
926 2679 1007 2759 quod
1029 2699 1084 2742 nos
1099 2699 1118 2742 a
1132 2679 1269 2760 Philippo
1288 2681 1363 2744 nihil

262 2775 413 2851 acoepisse
426 2774 482 2853 ipsi
493 2775 643 2835 letemini:
658 2793 714 2836 nee
724 2774 802 2836 enirn
814 2775 921 2854 siquid
933 2775 1149 2855 petivissemus,
1159 2795 1270 2836 saeuos
1282 2778 1364 2840 abire

262 2887 368 2946 passus
391 2879 472 2930 esset
494 2870 716 2932 liberalissimus
741 2891 803 2944 rex,
825 2885 858 2932 ut
883 2891 901 2930 e
924 2873 1006 2932 vohis
1030 2872 1149 2950 quidem
1171 2871 1364 2950 preadicatur.

262 2965 309 3025 An
323 2964 374 3042 qui
388 2985 441 3024 vos
453 2967 621 3046 corrupisse
633 2985 734 3044 operte
749 2967 875 3046 pretium
901 2967 1024 3045 putavit,
1051 2966 1136 3026 nobis
1155 2967 1244 3028 etiam
1258 2977 1363 3046 peten-

262 3059 351 3133 tibus,
376 3081 437 3122 noo
463 3061 646 3141 largireturl
703 3065 751 3122 19.
780 3064 822 3122 At
842 3063 999 3124 Thebanos
1021 3061 1110 3124 modo
1132 3055 1301 3137 monuistis,
1324 3083 1363 3126 ne

261 3155 417 3216 consilium
428 3177 530 3218 eorum
543 3165 750 3236 sequerentur,
764 3157 815 3236 qui
829 3157 932 3238 patries
946 3157 1024 3220 male
1034 3157 1260 3220 consuluerunt.
1296 3161 1362 3240 Ego

262 3271 332 3310 sero
346 3253 452 3314 desino
465 3252 614 3314 adversari
628 3252 698 3322 illis,
722 3252 867 3326 Thebani,
894 3255 918 3314 si
939 3253 981 3314 ita
1006 3254 1157 3316 sentiunt:
1178 3254 1208 3314 in
1232 3256 1362 3336 ipsorum

262 3349 431 3426 opinionem
444 3359 584 3418 transeo;
607 3367 718 3428 rosque
742 3361 857 3428 quanto
881 3351 1010 3410 maximo
1033 3359 1133 3428 potest
1146 3368 1235 3428 opere
1250 3351 1361 3426 hortor,

261 3459 324 3514 oro,
339 3445 473 3514 obsecro,
494 3463 604 3522 perque
625 3454 753 3504 vestram
776 3455 807 3506 et
825 3463 1011 3506 communem
1026 3446 1151 3508 Groeoira
1165 3446 1294 3508 salutern
1307 3451 1361 3510 ab·

262 3547 367 3610 testor,
381 3548 414 3598 ut
426 3539 484 3600 boc
497 3539 626 3618 ipsorum
641 3541 791 3602 decretum
805 3541 1034 3621 amplectamini.
1063 3544 1114 3601 20.
1130 3541 1165 3605 ld
1179 3542 1205 3602 si
1220 3542 1361 3616 feceritis,

262 3652 359 3712 neque
381 3653 520 3711 peeorm
545 3650 636 3714 atque
659 3647 858 3698 armentorum
881 3637 976 3716 grstia
988 3657 1042 3698 ros
1060 3636 1141 3715 ipsos
1154 3638 1253 3698 venire
1267 3641 1363 3719 petie·

261 3729 352 3799 mini:
375 3749 471 3808 neque
484 3740 518 3790 ut
531 3734 689 3811 ergastulis
712 3753 785 3814 eger
809 3745 906 3797 vester
927 3734 1139 3812 frequentetur,
1163 3733 1239 3796 inter
1262 3747 1365 3800 cetera

261 3824 390 3904 Philippi
412 3828 559 3906 mancipia
580 3829 740 3890 Paeonibus
760 3840 790 3890 et
804 3829 939 3890 Triballis
954 3827 1098 3890 servietis.
1139 3831 1188 3889 21.
1211 3829 1289 3892 Nam
1312 3835 1364 3894 isti

261 3939 367 3998 greges
382 3933 412 3982 et
425 3925 571 4002 mancipia
585 3926 690 3986 intueri
705 3947 758 3988 ros
779 3927 897 4005 jubent,
921 3928 1039 4006 egregia
1054 3925 1204 3986 serriurtis
1218 3929 1361 4004 praemiat

260 4035 378 4083 osores,
397 4017 515 4091 liberos,
530 4033 677 4100 parentes,
692 4023 868 4093 libertatem,
885 4023 1004 4094 lamam,
1020 4021 1107 4085 fidem
1123 4022 1250 4102 denique
1269 4037 1302 4086 et
1316 4027 1363 4088 las

263 4113 433 4173 Graecorum
450 4114 517 4176 vilia
530 4117 648 4180 habere.
694 4120 768 4180 lloeo
783 4121 860 4180 enirn
876 4121 1008 4198 prolecto
1022 4117 1203 4198 perdidistis,
1214 4119 1362 4196 Thebani,

261 4208 318 4270 nisi
327 4209 424 4272 lraudi
437 4211 644 4292 violentioeque
655 4213 781 4296 Philippi
794 4235 853 4278 una
865 4216 1018 4278 nobiseum
1031 4213 1176 4278 resistitis.
1205 4219 1256 4278 22.
1271 4217 1364 4288 Quod
