2925 4867
245 336 290 406 18
656 348 939 399 rnonsoorrurrs

246 498 434 583 capiendus
460 515 541 562 ιιοιο
568 494 772 562 simillimas.
815 492 966 570 Scilicet,
986 490 1019 556 si
1038 489 1152 555 demta
1170 490 1346 555 rcrborrun

245 601 475 679 translations,
494 597 695 681 remotisque
709 596 914 663 ornamentis
932 593 1101 669 oratoriis,
1114 592 1289 675 periodum
1303 594 1346 657 sd

244 702 422 787 proprium
437 706 469 767 st
483 699 670 784 simplicem
684 698 858 765 reduxeris
870 716 1018 773 sensnm,
1030 694 1177 780 quinque
1189 693 1252 761 bus
1266 714 1347 779 pro·

222 802 227 817 “
247 804 433 889 positiones
445 802 493 869 illi
507 802 619 865 inesse
633 798 764 865 ridebis
779 820 788 866 c

293 922 317 971 ι.
340 904 474 970 Curtius
495 922 565 970 non
583 902 698 967 liberis
712 900 927 986 Reipublicae
944 899 1111 966 Romanus
1123 898 1344 982 temporibus,

245 1004 307 1071 sed
336 1024 412 1070 cnm
435 1002 577 1090 jamjam
606 1002 858 1097 imperatorum,
876 1000 1098 1068 dominationi
1126 1019 1172 1068 eu
1200 1006 1344 1087 pareret,

249 1108 398 1192 scripsit.

292 1225 336 1275 ιι.
355 1206 436 1274 lum
466 1212 689 1273 consueverat
707 1205 856 1289 populus
882 1205 1058 1271 Romnum
1083 1204 1163 1271 lrnic
1188 1204 1344 1289 Imperio,

249 1318 351 1401 etque
364 1310 413 1376 itu
426 1314 656 1380 consueverat,
670 1316 719 1385 ut,
734 1307 887 1391 pristinae
905 1307 1071 1374 libertatis
1085 1306 1223 1384 oblitus,
1237 1305 1346 1371 nomi·

246 1432 292 1479 na
306 1410 449 1497 ‘ceput'
463 1407 664 1493 ‘princeps’
678 1414 690 1447 ‘
701 1407 878 1475 dominus'
891 1426 958 1473 uon
971 1407 1118 1491 emplius
1128 1407 1271 1483 odbsot,
1286 1404 1352 1471 sed

242 1512 382 1596 publice
405 1513 629 1598 profiteretur,
643 1529 720 1575 sese
743 1511 778 1574 iu
800 1528 903 1591 regno
924 1526 1014 1574 esse.
1058 1506 1244 1590 Utrumque
1262 1501 1346 1572 sat·

241 1622 391 1699 apparet
402 1636 422 1681 e
435 1614 566 1680 verbis:
587 1612 756 1696 ‘Pupulus
772 1608 816 1675 lt
836 1611 980 1675 alutem
995 1629 1034 1675 sn
1048 1610 1193 1694 principi
1208 1624 1276 1673 mu
1289 1607 1347 1671 de-

246 1715 325 1781 bere
339 1714 532 1800 profitetur,'
545 1722 579 1781 et
588 1718 599 1753 ‘
609 1732 689 1780 cum
703 1713 778 1779 sine
794 1732 858 1779 suo
870 1712 984 1797 capite
1004 1710 1180 1779 discordis
1196 1712 1347 1775 membru

245 1815 479 1901 trepidarent!
694 1859 701 1869 .

243 1958 245 1965 -
291 1934 348 1983 ιιι.
370 1917 534 2000 Princeps
564 1916 633 1989 illo,
660 1934 737 1981 cnm
760 1916 805 1981 ed
828 1916 1008 2001 Imperium
1028 1912 1216 1992 secederet,
1242 1912 1348 1979 Rern·

243 2020 417 2103 publieam
446 2020 545 2086 bellis
574 2016 733 2085 civilibus
761 2037 958 2102 oppressam
986 2026 1094 2102 utque
1113 2010 1149 2082 in
1171 2016 1347 2086 sectiones.

247 2138 388 2205 quarum
403 2122 517 2207 capite
530 2120 644 2187 omnio
657 2118 758 2185 simul
771 2138 908 2200 regnum
919 2118 1124 2191 affectuent,
1140 2115 1347 2183 dissolutam

247 2222 388 2301 sedavit,
409 2242 552 2307 eamque
578 2221 622 2287 ed
644 2218 861 2285 concordium
878 2228 915 2285 ot
935 2219 1131 2285 ιοοιιιῑιιιιιι
1151 2225 1345 2284 revocatum

243 2342 360 2389 rursus
373 2325 419 2391 ad
433 2325 607 2409 pristinam
622 2322 761 2405 glorium
773 2330 810 2387 ot
820 2322 1007 2405 potentium
1019 2322 1143 2388 erexit.
1180 2320 1261 2385 Hoc
1275 2338 1347 2386 ιιιιι·

243 2423 367 2487 niieste
382 2423 570 2505 significant
581 2441 650 2486 non
663 2421 764 2487 modo
781 2442 833 2504 ea,
848 2440 928 2507 ques
947 2420 1085 2489 Curtius
1107 2422 1203 2487 initio
1221 2421 1347 2505 cupitis

243 2522 410 2607 praelatus
425 2530 529 2607 atque
541 2521 632 2587 unde
648 2522 691 2587 cd
704 2522 769 2587 hnc
784 2521 990 2607 praeconium
1005 2524 1208 2607 digreditur:
1231 2523 1348 2589 ‘Nam

242 2630 284 2689 et
295 2624 495 2690 insociabile
510 2630 565 2689 est
579 2623 735 2706 Regnum
747 2631 782 2689 et
796 2624 983 2709 apluribus
993 2627 1228 2710 expetebatur.
1273 2624 1349 2691 Pri-

247 2744 339 2795 mum
353 2745 432 2807 ergo
447 2724 613 2808 collegere
627 2725 728 2809 vires,
741 2722 860 2789 deinde
873 2726 1119 2811 disperserunt:
1133 2733 1257 2793 etcum
1271 2728 1350 2809 plu-

242 2828 342 2893 ribus
361 2846 498 2910 cmpos,
524 2843 626 2910 quem
652 2825 823 2911 capiebat,
840 2835 1048 2905 comunem,
1063 2835 1176 2895 cetera
1194 2828 1351 2893 membra

247 2928 394 2995 deficere
407 2936 603 3013 coeperustz
626 2929 788 3014 qnodque
807 2926 993 3012 Imperium
1013 2931 1078 2995 sub
1095 2949 1165 2995 nno
1180 2936 1271 2995 sture
1283 2946 1350 3013 po·

246 3030 381 3109 tuisset,
394 3030 473 3097 dem
487 3048 510 3094 u
523 3029 680 3115 pluribus
694 3031 886 3102 sustinetur,
901 3029 987 3107 ruit,'
1000 3032 1062 3097 sed
1075 3031 1178 3095 etium
1193 3036 1202 3067 ‘
1218 3029 1349 3096 discor·

247 3130 306 3199 dis
318 3130 483 3197 membre'
507 3138 540 3197 et
561 3130 828 3197 exclamationes
851 3132 947 3199 istie:
970 3130 1090 3211 ‘Quot
1111 3140 1182 3197 tunt
1195 3130 1350 3197 extinxit

246 3232 376 3299 fuoesl’
398 3238 503 3317 ‘quot
516 3232 665 3299 condidit
676 3230 845 3315 glsdiosl’

293 3352 344 3399 ιν.
366 3333 528 3420 Princeps
548 3335 606 3400 ille
630 3332 769 3399 multum
791 3340 827 3399 ct
849 3336 1046 3418 praeclarum
1064 3336 1181 3403 babuit
1205 3334 1348 3419 prolem,

246 3434 337 3500 unde
350 3436 529 3501 letissima
542 3434 712 3517 affulgeret
725 3456 818 3519 spes.

289 3555 325 3604 v.
348 3537 515 3622 Regnum,
528 3539 582 3604 vel
602 3538 716 3621 potins
728 3543 879 3622 potestus
892 3539 1113 3625 Imperatoria
1130 3538 1180 3605 itu
1188 3540 1261 3624 jam
1273 3560 1349 3607 cor-

246 3642 407 3706 roborate
425 3645 524 3724 atque
537 3640 724 3705 inveterata
739 3647 824 3718 erat,
837 3648 876 3705 ut
894 3641 1043 3725 populns
1058 3639 1157 3706 facile
1177 3649 1349 3724 pateretur

249 3748 352 3825 utque
366 3740 535 3824 gauderet,
550 3741 581 3805 si
590 3740 667 3824 jure
681 3738 828 3825 quodam
842 3740 1051 3807 haereditatis
1064 3742 1134 3807 tilio
1153 3741 1214 3807 illa
1236 3742 1349 3809 trade-

242 3851 340 3909 retur
351 3862 373 3907 ιι
386 3848 493 3927 putre.
531 3841 717 3926 Utrumque
729 3844 888 3926 probatur
902 3844 1120 3911 conclusione
1134 3842 1195 3909 ille
1210 3845 1347 3909 votiva:

248 3945 360 4009 ‘absit
373 3944 474 4010 modo
496 3944 636 4023 invidia,
651 3946 801 4028 excipiet
824 3945 923 4031 hujus
945 3946 1064 4012 seculi
1084 3950 1238 4029 tempore
1253 3944 1348 4029 ejus·

248 4045 325 4111 dem
340 4040 461 4112 domus
475 4049 602 4113 utinum
616 4053 780 4133 perpetua
793 4054 885 4113 corte
899 4048 1054 4113 diutnmu
1066 4044 1273 4133 posteritas?

239 4160 243 4171 ⁴
290 4147 333 4212 In
346 4146 398 4213 his
419 4150 568 4234 quinque
585 4147 881 4232 propositionibus
903 4148 1019 4232 regula
1042 4156 1106 4227 est,
1120 4166 1188 4232 qua
1201 4147 1280 4213 solu
1293 4146 1346 4212 uti
