2925 4867
345 404 474 460 suern.
499 410 538 459 ru
563 412 595 471 o.
619 410 794 463 conruunt
819 412 892 460 nra.
916 412 940 461 ι.
1146 397 1190 460 77

104 566 205 609 morum
217 569 337 611 suorum
352 548 524 630 magistrum
538 553 650 613 babuit.
681 554 710 612 8.
733 552 790 612 His
805 554 905 633 itaque
916 554 1079 633 disciplinis
1094 548 1188 615 imbu-

104 652 155 716 tus,
175 666 297 706 summm
318 648 444 707 lortunoe
468 649 527 707 vim
550 657 639 727 etque
662 645 837 727 dignitatem
853 650 970 729 egregie
991 660 1104 710 tutatus
1121 663 1200 720 esta·

104 740 228 817 snperbia
244 742 431 815 etlicentis,
451 762 511 822 qna
532 728 665 821 quidam¹
677 743 742 803 sols
755 744 905 825 principes
917 756 1021 825 agunt,
1036 748 1188 809 abstinuit.

103 835 130 893 9.
150 836 234 897 Cultu
245 857 377 917 curaque
387 838 607 917 corporishaud
622 839 747 899 multum
762 858 852 920 supra
864 842 969 921 privati
982 842 1102 905 modum
1115 846 1188 905 emi·

102 931 190 1004 nens,h
203 933 311 994 virtute
323 934 423 1013 potius
437 952 526 1013 quam
541 934 666 994 restium
680 946 786 995 ornatu
802 935 912 995 anteire
931 957 1013 1010 suos,
1030 938 1188 1019 imperato·

102 1026 167 1086 rium
189 1031 348 1090 censebat:
369 1030 482 1103 hilaris,
504 1030 661 1101 humanus,
683 1029 829 1101 affabilis3
852 1044 993 1094 uttamen
1007 1046 1188 1097 contemtum

74 1166 77 1176 .
102 1122 279 1186 excluderet:
301 1125 370 1185 rino
393 1125 523 1198 deditus,
549 1126 603 1185 sed
627 1127 701 1186 citra
723 1127 932 1189 ebrietatem:¹
953 1149 1022 1189 nam
1045 1131 1071 1191 si
1095 1134 1188 1193 otium

101 1228 197 1281 nactus
210 1230 302 1295 esset,
318 1222 502 1282 sermonibus
523 1223 618 1301 magis
637 1241 726 1300 quarn
750 1224 969 1302 compotatione
993 1236 1110 1308 tempus
1135 1246 1186 1288 ex-

100 1314 234 1377 trahebat.
280 1320 328 1379 10.
349 1316 524 1397 Voluptates
546 1317 589 1377 ita
611 1319 779 1388 contemsit,
804 1330 838 1379 ut
857 1321 942 1381 matri
964 1341 1067 1382 curam
1087 1323 1188 1403 injice·
1263 1330 1268 1335 ’

100 1420 148 1481 ret,
170 1430 206 1471 ne
228 1412 319 1493 plane
343 1411 382 1473 ad
413 1412 615 1493 generandum
642 1415 781 1475 inhabilis
803 1426 909 1475 essetn
950 1417 1029 1477 Illud
1054 1420 1187 1498 inprimis
1259 1474 1268 1501 0

98 1505 228 1585 religiose
250 1511 356 1581 tenuit,
379 1530 416 1570 ne
437 1510 523 1590 cujus
544 1522 641 1571 torum
656 1510 788 1569 violaret.
830 1510 946 1579 Quibus
967 1513 1037 1573 ritae
1058 1533 1187 1575 morum·

100 1618 151 1678 que
171 1604 314 1666 institutis
337 1606 387 1667 diu
411 1605 546 1674 inbaesitt
569 1626 770 1687 magnumque
791 1618 823 1667 et
845 1609 1063 1669 memorabilem
1087 1630 1188 1689 regern

98 1698 169 1775 egit:
190 1699 289 1761 donec
311 1702 420 1781 impetu
438 1701 578 1783 quodam,
600 1713 630 1763 et
644 1702 726 1762 uelut
737 1715 868 1765 torrente
883 1703 1010 1765 l'ortunoe
1024 1707 1186 1767 convulsus

98 1801 126 1851 et
135 1804 276 1869 mutatus,
296 1798 450 1877 pristinam
464 1797 554 1859 animi
568 1798 798 1859 moderationem
808 1800 952 1879 paulatim
965 1812 1095 1862 exueret.
1140 1806 1185 1863 ll.

98 1884 188 1952 Animi
199 1896 288 1955 robur
301 1913 369 1955 cum
383 1894 492 1975 insigni
512 1895 698 1968 dexteritate,
720 1913 830 1975 magna
843 1893 935 1975 patris
949 1908 979 1957 et
993 1899 1117 1958 eliorum
1131 1899 1186 1959 ad-

96 1986 245 2051 miratione
258 1990 390 2053 ostendit
403 1992 433 2051 in
446 2011 524 2072 equo
537 1991 727 2073 Bucephala;
752 2012 821 2053 nam
845 1992 875 2052 id
898 2012 1006 2053 nornen
1021 1995 1123 2054 bubuli
1135 2016 1186 2057 ca·

96 2084 159 2161 pitis
184 2088 281 2168 ligura
304 2089 461 2168 insignitur
484 2094 656 2169 acceperat.¹
714 2092 761 2149 12.
790 2088 952 2149 Plurimum
976 2100 1038 2149 turn
1059 2094 1190 2169 equestri

96 2177 177 2241 lande
189 2183 324 2263 pollebat
337 2184 510 2255 Thessalia;
533 2184 732 2265 nobiliumque
747 2202 888 2265 equorum
907 2205 1012 2265 greges
1026 2187 1128 2246 multis
1141 2187 1186 2247 lo-

94 2280 132 2337 cis
146 2280 311 2341 elebantur.
354 2282 510 2341 Eminebat
527 2292 627 2342 tamen
640 2280 717 2341 inter
729 2299 833 2340 omnes
846 2281 955 2342 viribus
969 2291 1001 2342 et
1013 2282 1115 2361 specie
1127 2283 1187 2343 Bn-

95 2375 241 2456 cephalea,
261 2397 349 2457 quem
363 2376 536 2439 Philonicus
550 2376 757 2438 explanatis
769 2376 922 2450 oriundus,
943 2377 1071 2438 maximo
1084 2377 1114 2437 in
1127 2378 1186 2438 illis

94 2474 260 2551 regionibus
273 2474 403 2555 principe
417 2474 539 2555 dignum
553 2474 735 2545 existimans,
757 2473 796 2532 ad
820 2472 989 2553 Philippum
1010 2472 1186 2546 adduxerat,

95 2567 219 2630 sedecim
241 2569 361 2631 talentis
383 2570 549 2631 venalem.¹¹¹
605 2572 653 2631 1³.
683 2569 760 2628 Cum
785 2577 884 2628 antem
909 2568 1095 2629 uelocitatem
1117 2572 1185 2649 equi

94 2664 323 2746 obsequiumque
337 2668 483 2747 experturi
505 2668 534 2726 in
552 2686 688 2747 campum
708 2662 954 2732 descendisseutr
976 2685 1063 2726 nemo
1077 2667 1186 2726 antico·

95 2778 154 2820 ram
167 2762 388 2841 satellitumque
402 2762 481 2841 regis
495 2772 622 2822 tractare
641 2780 707 2821 eum
729 2761 847 2839 potuit:
868 2760 940 2838 quin
962 2760 1135 2840 insurgebat
1154 2761 1185 2819 in

93 2874 203 2929 omnes,
222 2868 255 2919 et
278 2857 480 2919 conscendere
501 2869 625 2919 conatos
642 2857 754 2917 ferocia
768 2857 943 2917 exterrebat.
987 2860 1036 2916 14.
1057 2858 1187 2937 Jamque

92 2970 143 3032 pro
156 2954 311 3027 indomito,
326 2962 357 3015 et
369 2954 408 3013 ob
420 2954 563 3015 feritatem
577 2954 684 3027 inutili,
699 2953 937 3033 relinquebaturt
951 2971 1019 3012 cum
1031 2954 1185 3033 suspirans

94 3047 270 3124 Alexander,
292 3050 440 3120 ‘Qualem
453 3052 503 3111 isti
518 3070 625 3131 equum
638 3050 778 3131 perdunt,
801 3068 855 3128 per
869 3047 1019 3109 mollitiem
1036 3050 1136 3122 animi,
1155 3060 1187 3110 et

94 3146 238 3206 tractandi
255 3146 429 3227 imperitiam
440 3146 457 3205 t’
498 3148 566 3215 Quo
590 3147 699 3226 saepius
723 3145 849 3225 repetito
870 3163 889 3202 a
910 3154 993 3224 patre
1015 3144 1186 3223 increpitus,

94 3241 195 3319 ‘quod
210 3242 249 3302 ob
263 3241 425 3321 negotium,
446 3240 526 3320 quod
547 3240 704 3301 emendare
719 3257 778 3298 non
795 3248 908 3318 posset,
928 3238 1054 3316 majores
1068 3239 1186 3319 petitio-

93 3354 197 3417 resque
204 3338 346 3399 conuiciis
355 3338 515 3399 incesseret
523 3337 541 3406 ;'
562 3344 571 3373 ‘
585 3338 650 3416 Ego
658 3338 749 3408 vero,'
763 3334 871 3414 inquit,
884 3341 893 3370 ‘
904 3332 1077 3405 emendabo,
1092 3347 1185 3414 pater,

94 3433 117 3489 si
126 3434 314 3512 permiseris!
351 3436 398 3494 15.
412 3435 509 3514 Atque
522 3433 573 3493 illo
588 3431 774 3511 subjiciente,
788 3438 797 3467 ⁸
809 3430 967 3491 frustratus
981 3440 1081 3490 antem
1095 3450 1185 3509 qnam

92 3546 207 3607 paenam
220 3530 334 3611 pendes
345 3529 366 3588 l’
406 3537 415 3565 ⁴
429 3530 524 3611 Equi,'
538 3530 643 3610 inquit,
664 3527 811 3608 ‘pretium
824 3526 904 3587 luam
913 3526 933 3595 ς’
946 3536 1107 3605 exortuque
1121 3544 1185 3587 orn-

93 3624 173 3685 nium
185 3626 257 3699 risu,
269 3626 419 3699 convenit,
433 3632 441 3661 ‘
453 3637 487 3685 ut
495 3626 589 3686 victor
601 3644 709 3704 equum
724 3634 807 3701 patre
818 3632 934 3683 emente
944 3622 1077 3693 baberet,
1088 3624 1186 3684 rictus

94 3721 237 3784 amitteret
251 3722 427 3802 pecuniam)
471 3725 516 3783 16.
538 3723 614 3783 Tum
628 3719 799 3782 Alexander
816 3718 1035 3800 comprehensis
1049 3719 1117 3797 equi
1131 3718 1185 3777 ba·

124 3948 218 4001 ΙΙ(ἷιιιι.
231 3966 274 4001 ιιι.
282 3958 307 4006 6.
319 3958 360 4003 ts.
691 3951 791 4002 ¹Sehol.
802 3950 835 4001 ed
847 3947 1013 4015 Aristophsn.
1022 3945 1093 3998 Nnb.
1105 3958 1131 3994 v.
1143 3947 1184 3993 aa.

123 4023 130 4056 ¹
147 4024 216 4076 Flnt.
228 4027 303 4079 Alex.
323 4044 351 4093 p.
369 4032 427 4079 677.
449 4028 554 4078 Arrien.
565 4038 618 4078 ιιι.
657 4026 824 4077 solimet.

94 4099 187 4150 talin.
690 4109 708 4135 Ι·
725 4101 793 4150 Plio.
810 4100 880 4150 Hist.
899 4100 963 4150 Nat.
978 4111 1038 4149 vrrs.
1057 4096 1185 4146 ta.1³tur.

124 4174 288 4303 :tenerem
303 4193 331 4231 x.
348 4184 389 4231 1⁰.
401 4179 471 4231 Plut.
488 4178 619 4246 Apoplrtb.
659 4176 736 4229 Alex.
749 4178 841 4241 paor.

93 4265 117 4300 e·
162 4286 168 4303 Ι
861 4268 865 4274 ,
