2925 4867
558 334 781 386 eremmon.
1195 327 1218 389 5

125 476 280 555 bus,boo
298 474 405 541 nostri
430 475 576 541 ouotoris
598 477 732 541 nomine
756 484 1033 544 commemoratus
1057 482 1215 560 occurrit,

125 596 203 641 oum
216 576 326 661 stylus
346 577 524 641 manifeste
545 575 668 661 p'rodat
692 578 884 658 Rbetorem,
907 600 1028 644 nomeu
1052 601 1150 665 porro
1171 580 1217 660 Q.

127 677 234 743 Curtii
249 676 331 743 Ruti
352 684 528 761 utrumque
541 680 726 758 conveniat,
742 681 887 764 deniquo
901 687 933 746 et
947 692 1044 746 etas.
1087 682 1219 747 Etenim

126 780 253 845 libetur
266 780 324 845 ille
337 781 525 846 nominatur
545 784 697 865 proxime
719 789 799 867 post
818 802 888 861 eos,
904 784 962 868 qui
982 785 1046 848 sub
1060 774 1218 866 Augusto

125 880 316 955 floruerunt,
332 889 367 946 et
379 882 474 965 longe
487 886 564 948 unte
579 882 834 962 Quintilianum,
848 891 886 948 ut
906 884 992 949 adeo
1008 883 1052 949 ad
1071 890 1221 968 tempora

124 982 254 1047 'liberii
281 984 416 1047 omnino
445 982 598 1048 rideatur
624 983 823 1048 referendus.
882 982 938 1047 Ad
964 1004 1042 1068 quse
1068 974 1221 1067 tempora

125 1082 232 1147 etiam
245 1082 333 1147 buno
346 1083 542 1166 scriptorem
555 1076 738 1160 retulerim,
751 1102 829 1147 oum
843 1093 983 1168 propter
997 1086 1131 1168 stylum,
1143 1085 1220 1149 istis

125 1184 333 1267 temporibus
347 1190 588 1266 congruentem,
612 1187 681 1248 tum
704 1184 851 1248 maxime
875 1191 1011 1269 propter
1031 1186 1093 1251 illu
1115 1187 1222 1251 verba

127 1300 170 1350 x.
186 1284 219 1348 9.
232 1283 265 1347 3.
284 1280 361 1366 (ubi
381 1284 550 1349 Periuouii
572 1283 876 1366 interpretationem
898 1284 1148 1352 Commentario
1170 1287 1220 1351 iu·

126 1386 241 1465 serui.)
284 1383 412 1449 Rbotor
424 1386 502 1467 ergo'
516 1385 579 1449 iste
593 1383 748 1449 Suetonii
760 1383 826 1477 luit
842 1384 931 1449 bend
951 1387 1054 1452 dubie
1069 1387 1125 1452 bic
1140 1386 1223 1453 Cur·

127 1486 219 1565 tins3
253 1484 366 1550 forsan
394 1491 428 1551 et
452 1486 645 1552 Consularis
674 1486 731 1551 ille
757 1505 800 1551 ao
824 1486 1055 1571 Triumphalis
1079 1489 1132 1554 vir
1154 1492 1220 1554 sub

126 1584 269 1651 Tiberio
284 1606 384 1670 qoem
405 1590 566 1652 memorat
590 1586 685 1653 nobis
709 1587 849 1654 Tacitus
871 1588 958 1653 Anu.
983 1606 1040 1653 ιιι.
1062 1590 1116 1655 20.
1144 1610 1222 1655 com

127 1688 247 1751 iterum
269 1689 447 1754 conveniat
467 1689 570 1772 plane
592 1706 721 1767 nomeu,
745 1687 820 1754 dein
842 1695 937 1768 etus,
951 1690 1094 1774 denique
1109 1690 1223 1755 tenuis

127 1796 162 1853 et
176 1788 313 1853 bumilis
327 1790 432 1873 origo.
476 1790 641 1855 Rhetores
664 1797 741 1856 ente
762 1789 941 1869 Blandum,
959 1792 1105 1875 equitem
1119 1790 1223 1860 Rom}

129 1888 273 1955 Seueooe
288 1890 389 1954 ferme
403 1890 585 1973 equalem,
593 1890 741 1955 libertini
755 1898 861 1969 erant,
871 1890 962 1975 quod
977 1892 1076 1956 tradit
1090 1892 1223 1959 Seneca

128 1988 292 2055 Contror.
314 1990 372 2054 lib.
388 2005 429 2054 11.
444 1990 481 2053 in
495 1988 695 2055 Praefatione
710 1989 847 2069 addens,
868 1990 947 2054 aliis
961 1996 1060 2073 turpe
1073 1990 1224 2055 habitum

129 2089 266 2166 dooere,
293 2089 387 2171 quod
410 2089 587 2154 bonestom
608 2096 679 2153 erat
700 2088 837 2155 discere.
881 2089 966 2172 Ejus
991 2108 1070 2155 vero
1094 2090 1224 2173 generis

128 2190 305 2272 probabile
319 2196 372 2254 est
384 2192 484 2255 etium
495 2189 648 2255 Curtium
662 2188 842 2256 Rbetorem
855 2189 981 2271 luisse;
1003 2182 1224 2255 Consularem

129 2308 214 2354 vero
233 2291 328 2355 sslom
350 2290 508 2356 'liberius
531 2310 577 2356 ex
601 2310 639 2355 so
657 2298 775 2355 uatum
794 2289 892 2369 dixit,
916 2291 940 2356 i.
952 2310 983 2355 e.
1008 2290 1090 2355 nibil
1104 2289 1225 2355 debere

131 2392 329 2473 perentibus
351 2392 437 2469 suis,
453 2391 623 2457 vilissimis
645 2393 772 2475 quippe
795 2398 830 2456 ot
848 2390 1091 2474 ignotissimis:
1110 2392 1223 2474 ‘eique

131 2493 213 2557 ideo
228 2492 371 2558 Tacitus
385 2493 420 2557 d.
434 2493 459 2559 l.
474 2501 513 2559 ut
526 2497 536 2527 ‘
548 2492 644 2559 aere'
657 2490 774 2557 tribuit
791 2494 803 2527 ‘
811 2490 1002 2574 ingenium,’
1024 2492 1073 2555 ita
1086 2499 1123 2555 et
1143 2490 1225 2554 ‘do-

133 2592 260 2661 rlecus?
271 2592 456 2681 'natalium’
487 2592 555 2659 'Sic
569 2593 765 2659 Perizonius
779 2592 955 2669 subtiliter,
969 2596 1007 2657 ut
1019 2592 1115 2657 solet.
1159 2590 1225 2657 Cui

133 2714 176 2759 ne
191 2713 332 2777 prorsus
346 2694 504 2759 uooedam
517 2712 584 2757 non
597 2702 666 2757 tam
679 2711 732 2772 ea,
742 2690 961 2778 ¹(quanquam
978 2711 1046 2757 uon
1058 2693 1226 2775 negligen-

135 2796 181 2862 da
195 2798 300 2873 sunt),
315 2814 392 2879 quae
418 2794 529 2859 Cuneo
546 2790 718 2876 (Prolegg.
735 2812 770 2874 p.
782 2791 850 2871 11.)
862 2798 977 2858 eontra
994 2793 1080 2857 bono
1093 2794 1226 2877 opinio-

134 2916 211 2961 nem
235 2897 381 2979 scripsit,
395 2896 536 2972 faciunt,
554 2911 618 2958 uec
632 2894 793 2973 omnium,
807 2895 866 2977 qui
881 2898 1007 2971 extant,
1020 2901 1169 2959 ueterum
1183 2896 1226 2962 do

135 2997 256 3063 Curtio
271 2996 446 3062 Historieo
462 2996 643 3073 silentium,
653 3013 753 3079 quarn
765 2993 900 3077 quidam
910 2985 1017 3059 Curtii
1029 2994 1139 3079 ipsius
1147 2996 1226 3061 loel.

135 3099 232 3163 Solet
244 3099 341 3178 euim,
363 3118 407 3163 ex
427 3117 518 3163 more
540 3098 737 3180 scriptorum
751 3096 944 3181 posterioris
958 3095 1036 3173 teri,
1051 3114 1114 3161 sua
1125 3097 1227 3161 verbs

135 3198 289 3265 flosculis
316 3197 493 3280 politorum
519 3198 729 3280 aliorumque
755 3196 953 3279 scriptorum
978 3215 1090 3261 aurore
1113 3190 1226 3261 retensi

135 3298 192 3384 (ut
213 3296 356 3381 Virgilii,
378 3297 485 3383 Livii)
510 3316 637 3363 ornare.
681 3296 719 3361 Si
744 3295 830 3361 adeo
852 3297 1070 3379 reperiantur,
1096 3315 1173 3379 quar
1205 3317 1226 3363 e

137 3401 358 3484 scriptoribus
372 3400 487 3465 saeonli
500 3420 535 3482 p.
550 3396 626 3463 Cbr.
644 3418 676 3461 u.
700 3398 810 3481 primi·
819 3396 973 3461 exeuntis
994 3397 1227 3479 depromserit,

138 3520 222 3566 sane
236 3501 404 3585 antiquior
419 3520 496 3566 esse
506 3499 633 3583 nequit.
674 3497 699 3563 J
700 3500 754 3563 am
767 3516 847 3563 uero
861 3505 937 3562 tota
949 3499 1106 3581 Amyntoe
1119 3499 1227 3564 oratio

137 3620 210 3669 vrr.
222 3603 255 3668 1.
268 3610 306 3667 ut
319 3609 352 3669 et
365 3621 479 3680 causa,
492 3601 663 3667 simillima
675 3606 727 3664 est
748 3598 798 3663 illi
819 3598 967 3663 Terentii
986 3615 1049 3682 ap.⁴
1058 3596 1170 3664 Tacit
1182 3594 1226 3663 Α.

140 3704 240 3770 va&
252 3706 286 3768 et
298 3704 445 3787 membra
458 3702 681 3786 suue‘aliquot
693 3705 783 3777 sunt,
798 3718 876 3782 quar
890 3697 1010 3781 Lipsio
1029 3698 1106 3762 bine
1118 3702 1227 3763 trous·

137 3808 212 3872 latu
233 3804 417 3870 rideantur.
457 3803 549 3869 Jano
574 3800 755 3883 Rutgersio
778 3797 884 3864 Curtii
897 3798 1001 3863 locus
1016 3814 1067 3863 ιν.
1087 3798 1121 3862 4.
1135 3799 1167 3862 7.
1182 3817 1228 3864 ex

138 3909 280 3975 Lucano
296 3922 354 3971 ιιι.
366 3902 442 3971 568.
466 3903 648 3971 certissime
662 3918 842 3984 expressus
856 3898 998 3976 videtur,
1020 3898 1114 3982 'cnjus
1132 3899 1228 3964 illum

138 4008 328 4075 studiosum
354 4006 473 4085 fuisse,
501 4004 616 4070 multis
645 4004 694 4069 ait
721 4000 925 4085 argumentis
949 4000 1086 4084 probari
1114 4014 1228 4083 posse:

139 4106 310 4179 Praeterea
326 4106 384 4173 alii
397 4124 533 4191 quoque
546 4104 617 4171 loci
630 4104 698 4171 nori
711 4102 813 4188 pauci
833 4102 867 4168 iu
883 4099 1029 4167 Freimb.
1044 4099 1227 4167 Commeat.¹
