2925 4867
423 356 481 403 or..
502 355 598 407 cxrr.
618 340 653 407 3.
691 359 730 404 Λ.
752 356 813 405 cn.
836 356 873 405 rr.
895 339 970 407 319.
1007 368 1011 377 ·
1176 342 1240 409 567

144 499 236 573 rant3
258 514 334 559 cnm
349 497 440 579 prior
456 496 570 564 standi
591 498 663 563 sine
684 498 850 581 periculo,
872 516 976 582 quam
988 497 1117 563 hostem
1132 497 1242 563 inces-

144 596 444 664 sendicnraessot.
488 600 669 666 Tormenta
691 601 792 667 saluti
806 600 954 665 luerunt:
977 598 1148 682 quibusiu
1163 618 1243 665 cou-

144 696 250 762 sertos
271 718 313 763 ac
337 708 461 766 temere
487 722 525 767 se
548 700 724 767 offerentes
747 700 836 767 haud
862 702 987 767 imstra
1010 720 1154 765 excussa
1166 707 1243 767 sunt

145 798 222 863 tela.
265 799 297 865 8.
319 801 460 867 Barbari
475 822 613 886 qnoque
626 803 792 884 ingentem
805 806 873 870 rim
890 804 1083 887 sagittarum
1095 802 1242 867 infudere

144 902 290 967 ratibus:
313 903 439 987 vixque
453 905 558 969 ullum
581 903 646 969 iuit
660 913 808 985 scutum,
834 905 925 988 quod
950 924 1017 971 uon
1030 904 1182 987 pluribus
1197 904 1242 967 si-

143 1000 213 1065 mul
228 1002 369 1084 spiculis
380 1004 610 1087 perforaretur.
652 1007 684 1071 9.
706 1005 855 1089 Jamque
869 1012 963 1071 terrae
986 1010 1077 1071 rates
1092 1005 1242 1088 applica-

144 1102 275 1182 bantur,
289 1124 367 1169 cum
381 1108 472 1171 acies
487 1108 645 1193 clypeata
667 1109 852 1189 consurgit,
875 1114 910 1173 et
930 1108 1045 1173 hastas
1059 1113 1148 1171 certo
1162 1106 1243 1184 ictu,

144 1213 262 1289 utpote
276 1208 384 1273 libero
405 1210 513 1286 nixu,‘
536 1212 672 1275 mittite
687 1212 825 1275 ratibus.
870 1210 912 1275 Et
936 1218 975 1275 ut
997 1210 1132 1275 territos
1156 1211 1243 1275 reoi-

144 1309 346 1393 pientesque
372 1329 478 1393 equos
507 1312 629 1389 videre,
652 1313 783 1377 alacres
808 1320 924 1377 mutua
953 1311 1187 1378 adhortatione
1208 1313 1243 1377 in

144 1411 442 1477 terramdesiliere.
487 1414 541 1478 10.
562 1412 722 1480 Turbatis
736 1415 856 1478 acriter
867 1414 985 1496 pedem
993 1412 1114 1478 inferre
1129 1432 1244 1497 coepe·

144 1519 240 1579 runt‘
296 1512 458 1597 Equitum
487 1513 609 1579 deinde
636 1521 765 1591 turmae,
796 1534 872 1597 qum
897 1514 1053 1581 frenatos
1076 1514 1250 1581 habebant

144 1632 261 1697 equos,
276 1614 460 1697 perfregere
470 1616 683 1681 barbarorum
698 1616 815 1681 aciem.
855 1616 992 1682 Interim
1003 1616 1102 1681 ceteri
1112 1616 1245 1697 agmins

145 1715 375 1781 dimicantium
389 1718 468 1782 tecti
483 1729 642 1800 aptavere
664 1736 700 1781 se
714 1736 846 1800 pugnae.
891 1717 946 1781 ll.
970 1718 1052 1799 lpse
1066 1736 1138 1794 rex,
1152 1717 1244 1801 quod

144 1819 284 1900 vigoris,
296 1838 387 1901 aegro
410 1819 519 1885 adhuc
541 1838 694 1903 corpore,
717 1818 847 1894 deerat,
870 1818 972 1883 animi
992 1818 1145 1883 firmitate
1166 1838 1246 1901 sup·

143 1921 270 2003 plebat.
315 1920 398 1985 Vox
409 1921 617 1985 adhortantis
630 1938 698 1984 non
711 1927 850 2003 poterat
864 1918 985 1997 audiri,
1000 1918 1147 1985 noudum
1159 1921 1244 1987 bene

146 2021 300 2088 obducta
323 2023 479 2087 cicatrice
504 2022 668 2100 cervicis3
691 2021 752 2085 sed
776 2021 990 2086 dimicantem
1014 2022 1127 2085 cuncti
1152 2021 1245 2087 vide·

144 2123 237 2186 bant.
280 2123 333 2187 12.
357 2121 477 2206 Itaque
490 2123 558 2205 ipsi
572 2121 705 2205 quidem
729 2122 850 2186 ducum
874 2120 1094 2203 fungebantur
1114 2120 1243 2205 officio;

146 2226 303 2309 aliusque
317 2227 418 2292 alium
434 2226 597 2291 adhortati
605 2225 640 2289 in
652 2224 784 2289 hostem
796 2224 918 2289 salutis
928 2224 1136 2287 immemores
1147 2240 1244 2290 ruere

147 2336 335 2411 coeperunt.
377 2329 432 2392 13.
454 2328 542 2391 Tum
557 2345 637 2391 vero
652 2346 717 2391 nou
741 2345 810 2402 ora,
829 2345 894 2389 non
915 2343 1019 2402 arma,
1038 2344 1105 2389 non
1120 2326 1245 2391 clamo-

145 2448 215 2494 rem
230 2430 375 2494 hostium
396 2429 528 2495 barbari
551 2430 692 2493 tolerare
713 2432 911 2509 potueruntr
934 2444 1115 2509 omnesque
1129 2426 1245 2493 effusis

145 2532 288 2597 habenis
315 2530 476 2617 (namque
497 2531 657 2613 equestris
676 2529 769 2595 acies
789 2524 891 2611 erat,)
912 2532 1091 2613 capessunt
1114 2526 1243 2611 luganm

178 2746 189 2771 ‘
203 2740 236 2791 Ia
247 2740 405 2805 Septimium
414 2742 513 2792 territur
521 2746 615 2793 urenae
624 2740 751 2790 iaudent.

146 3016 299 3068 mail.
323 3016 414 3066 terea
424 3015 672 3067 breometvms.
698 3012 773 3063 saluti
785 3013 857 3074 suere
873 3010 944 3061 Pith.
970 3010 1099 3071 euaserctor
1116 3014 1140 3059 rt
1158 3014 1246 3059 temere

146 3083 225 3131 Van.
234 3086 259 3131 1.
282 3087 401 3131 remmus
415 3086 502 3131 temere
516 3080 584 3129 Mer·
600 3085 629 3130 et
644 3080 756 3127 Bac-8
772 3078 848 3126 Voss.
859 3080 884 3125 2.
901 3076 988 3140 vixque
1001 3075 1055 3134 suit
1070 3076 1153 3123 ullum.
1182 3072 1244 3124 ΑΜ.

146 3146 232 3195 enlin.
243 3146 344 3211 Gryplr.
357 3145 412 3195 Col.
423 3154 452 3195 et
464 3143 665 3196 Mermmittuut
675 3145 827 3193 eruum-9
846 3141 903 3190 Pal.
921 3143 944 3188 1.
961 3140 1045 3202 ltaque
1058 3145 1137 3189 terro.
1171 3135 1253 3186 Pitlr.¹

144 3211 410 3274 clypeatommit.
442 3206 664 3265 Col.lr'leroairi,·
689 3204 891 3255 allilidrroaim.
923 3200 1246 3253 varramtrumrun.

146 3274 212 3323 Mox
223 3274 295 3323 Petu.
306 3276 403 3325 omittit
413 3275 512 3323 damea
543 3272 655 3321 Vomd.
667 3269 918 3319 mtaoudortutierre.
952 3268 1196 3317 Veraniolum
1204 3266 1244 3313 de·

143 3338 287 3389 edita—10
305 3340 387 3426 Bonp.
399 3341 421 3387 1.
431 3342 458 3389 2.
468 3334 566 3385 Fauclr·
575 3336 648 3385 Pith.
658 3332 719 3383 Alo.
730 3333 814 3383 corin.
824 3330 924 3394 Gryplr.
937 3330 1004 3382 Mer.
1016 3331 1077 3381 Bar.
1093 3337 1121 3379 et
1130 3329 1197 3385 ,Col
1206 3342 1247 3377 re·

145 3404 233 3453 delnt
242 3417 319 3466 epau.
352 3402 428 3451 toro.
440 3402 548 3452 taciem
558 3404 583 3449 et
593 3399 700 3461 laterior,
707 3399 814 3459 tra-rr
833 3396 950 3446 Floreat.
966 3394 1039 3445 Leid.
1051 3394 1128 3443 Voss.
1138 3398 1162 3445 l.
1176 3392 1246 3443 Dan.

145 3468 232 3529 Boug.
243 3471 269 3515 2.
287 3474 314 3516 et
331 3466 429 3515 Fruclr.
448 3464 546 3525 rigui,-
570 3464 644 3513 Vom.
656 3467 681 3512 1.
699 3464 779 3523 algor.
813 3460 929 3509 Floreat.
948 3459 1023 3508 Leid.
1043 3458 1118 3508 Voss.
1131 3462 1153 3507 1.
1171 3454 1246 3506 Mod.

145 3530 458 3594 Aldtlolintlrypinet
473 3526 728 3589 eotattmmort.
762 3524 853 3574 Prtr.
875 3522 928 3573 Vox
938 3522 1106 3578 extrrrmrr'rr
1133 3522 1246 3570 Voral.

151 3596 203 3645 Ver
219 3597 366 3652 ementis:
393 3595 471 3643 vom.
485 3596 511 3643 1.
530 3591 585 3641 Vox
600 3590 727 3653 hortantis,
748 3593 777 3637 et
797 3588 873 3650 panio
892 3595 965 3651 port:
981 3587 1061 3636 σκαιὲ
1079 3585 1248 3635 cerretum-

148 3662 181 3708 12
197 3658 384 3722 Itur'prtvorr.
393 3662 417 3707 1.
450 3654 789 3720 ltuqreipriqrodl'torent.
808 3650 1017 3715 Leidetlloug.
1049 3650 1135 3763 dlv?
1151 3648 1170 3696 i.
1190 3648 1248 3712 pald

147 3720 224 3772 Voss.
234 3727 258 3772 l.
270 3730 297 3772 el
307 3723 375 3772 Dan.
410 3720 521 3785 lemur.
532 3720 573 3783 μ’
581 3718 657 3768 Vera.
667 3722 693 3769 1.
705 3725 733 3766 et
743 3716 781 3766 alc
789 3715 874 3778 Boug.
886 3718 909 3763 1.
921 3715 1046 3765 inlitum.
1121 3727 1156 3762 rr.
1168 3716 1194 3761 ².
1203 3714 1247 3761 du·

146 3787 184 3836 eir
194 3802 242 3851 pro
251 3789 354 3845 ὁπως
379 3785 451 3836 Pitlr.
462 3798 524 3833 rero
534 3782 639 3833 ducenti.
670 3783 746 3831 Voss.
764 3784 790 3829 2.
810 3781 880 3831 Mer.
893 3780 954 3829 nm.
965 3786 992 3829 et
1009 3778 1066 3829 Col·
1077 3778 1150 3827 uliam
1160 3777 1247 3827 odior-

146 3851 270 3903 trri-tt
287 3850 361 3901 Mod.
377 3848 476 3900 omittit
489 3852 625 3913 permut.
659 3844 850 3902 Pitinumlttit,
866 3858 965 3909 amque
976 3846 1132 3907 epacaret.
1175 3840 1248 3893 Pius

643 4008 750 4061 NO‘l'AE

180 4124 376 4190 sumaim]
393 4124 522 4189 ourrjrm
538 4122 677 4188 rppttrrttr
717 4128 789 4173 certo
811 4136 842 4172 ae
860 4118 935 4172 r'rrmo
955 4118 1015 4169 airu
1032 4118 1122 4183 jacula
1143 4116 1248 4169 vlbrare

147 4203 247 4255 ratibus
266 4198 606 4267 nemorumnemorum·
626 4198 677 4263 iprl
716 4204 847 4264 poteraut
