2925 4867
359 392 489 443 suren.
513 386 553 443 ru
578 394 612 453 Q.
637 392 812 441 ounrruu
838 395 912 445 nrs.
936 394 961 445 1.
1164 384 1208 447 67

112 534 221 615 Jupiter
233 533 374 607 induerit,
397 552 494 615 eoque
515 534 648 613 genitum
670 534 763 595 luisse
791 536 1015 610 Alexandrum:
1038 536 1123 599 multi
1143 558 1210 599 ere·

113 628 267 691 dideruntt
300 629 472 691 ‘insomniis
496 631 596 705 etiem,
620 640 783 712 rerumque
804 633 955 713 respunsis
976 633 1067 695 iidem
1091 635 1209 714 generis

111 724 235 788 leomm:
256 736 290 789 ot
311 747 379 788 cum
404 727 557 809 Philippus
576 728 709 807 Delphos
725 730 908 791 sciscitatum
923 729 1066 803 misisset,
1087 730 1208 793 oreoulo

111 824 265 895 monitum,
278 833 312 885 nt
326 824 524 885 Hammonem
543 825 676 905 inprimis
691 820 909 888 revereretur.’'
952 830 998 887 15.
1020 826 1084 887 Neo
1101 826 1211 889 desunt

112 921 158 999 qui
176 920 368 981 ‘fabulosum
390 920 423 981 id
444 922 575 1001 quidem,
600 940 660 981 non
683 931 781 984 tamen
805 922 984 983 adulterium
1006 923 1109 983 metris
1131 923 1209 985 lelso

106 1016 271 1094 jactetum'
290 1027 444 1105 autemut„
463 1018 601 1098 ‘Quippe
614 1017 735 1097 pulsum
749 1019 871 1099 AEgypti
885 1038 977 1098 reguo
992 1016 1208 1093 Nectenebum,

111 1130 176 1184 nou,
207 1122 244 1173 ut
266 1111 357 1192 rulgo
380 1114 581 1185 arbitrantes!
602 1114 632 1172 in
658 1112 814 1196 AEthiopas
838 1115 1044 1183 concessisser
1065 1114 1122 1175 sed
1139 1134 1209 1176 oum

111 1207 254 1269 sdrsrsns
267 1210 324 1291 rirn
336 1208 486 1271 Persieem
499 1209 530 1268 iu
559 1207 697 1288 Philippo
721 1197 849 1271 mexime
871 1210 1044 1293 presidium
1066 1222 1211 1292 speraret,

110 1304 139 1363 in
161 1303 374 1366 Macedoniam
399 1315 528 1377 rectum,
549 1305 674 1384 megiois
696 1307 856 1386 prestigiis
879 1307 1009 1369 illusisse
1040 1306 1210 1388 Olympiadi

110 1411 264 1481 torumque
290 1401 416 1480 hospitis
444 1401 643 1461 temeretisse.
696 1404 743 1463 16.
771 1404 948 1483 Suspectam
960 1403 1081 1483 quidem
1099 1401 1209 1463 exinde

110 1495 260 1577 Philippo,
284 1516 382 1577 nsque
402 1497 492 1559 aliam
505 1510 564 1559 tam
581 1497 713 1557 intimam
728 1498 855 1572 divortii,
869 1500 952 1580 quod
964 1500 1043 1560 inter
1055 1516 1109 1560 eos
1123 1517 1211 1559 seeu-

110 1603 170 1651 tum
197 1603 254 1667 est,
277 1612 411 1669 esuum,
432 1610 485 1674 prs
508 1603 660 1675 comperto
681 1606 789 1675 postea
815 1596 930 1657 luisse.⁴
960 1596 1058 1656 Etiam
1082 1592 1212 1674 quodie

111 1686 266 1769 Philippus
280 1690 469 1771 Cleopatram
483 1690 604 1751 domurn
619 1690 794 1765 deduxerat,
802 1692 936 1767 Attelurn
946 1710 1067 1772 sponsos
1078 1707 1211 1751 evonen-

109 1784 180 1856 lnrn,
204 1786 375 1847 Alexandro
390 1788 532 1849 natalium
546 1789 676 1851 dedecus
690 1790 867 1868 exprobrare
882 1806 998 1861 ausum,
1011 1788 1078 1868 ipso
1091 1804 1211 1867 quoque

108 1900 179 1961 rege
193 1901 230 1942 sx
244 1902 312 1941 sese
324 1882 456 1962 genitum
469 1894 598 1963 negante
610 1885 635 1944 :¹
655 1884 784 1964 deniqne
799 1884 838 1944 de
855 1884 1044 1966 Olympiadis
1064 1882 1211 1945 adulterio

110 1994 168 2037 non
184 1979 216 2038 in
231 1990 333 2039 nostro
348 1980 443 2041 solum
466 1984 548 2054 orbe,
571 1980 627 2041 sed
652 1980 734 2062 epud
755 1979 889 2041 devictas
913 1996 1034 2061 quoqne
1061 1981 1211 2051 ustiones,

98 2075 290 2150 pertinerem
306 2094 450 2135 rumorem
464 2077 637 2137 obtinuisse.
682 2078 729 2138 tt.
749 2075 862 2137 Verum
879 2076 1016 2137 veleades
1038 2076 1211 2157 ignominie

109 2170 266 2251 repetitum
279 2190 318 2229 ex
331 2172 460 2252 antiquis
476 2173 583 2234 fabulis
598 2173 636 2235 de
650 2173 780 2235 dracoue
793 2181 1013 2233 commentum:
1033 2170 1113 2233 idem
1131 2172 1211 2232 euim

110 2264 180 2327 oliru
194 2266 235 2328 ds
248 2268 436 2328 Aristomene
449 2270 628 2343 Messenios,
642 2269 681 2330 de
695 2268 886 2329 Aristodemo
899 2268 1058 2348 Sicyonios
1067 2267 1213 2347 jacteris·

111 2364 163 2424 se'
207 2368 255 2425 18.
278 2368 357 2426 Sene
371 2365 451 2446 apud
465 2366 591 2446 majores
606 2378 725 2427 nostros
740 2366 778 2426 de
793 2366 964 2445 Scipione?
983 2364 1034 2445 qni
1052 2364 1211 2443 Cartbagi-

109 2476 177 2519 nem
203 2459 282 2540 prior
302 2460 416 2533 afflixit,
441 2460 546 2523 eedem
570 2463 666 2524 ferme
680 2462 761 2522 famu
773 2462 849 2535 luit:
871 2459 1035 2539 similisque
1048 2458 1211 2519 divinitatis

111 2556 280 2637 opinionem
295 2556 423 2619 Romani
437 2559 526 2619 modo
539 2559 683 2640 principis
694 2570 778 2619 ortus
792 2556 918 2625 babuitr
933 2574 1002 2617 nem
1012 2556 1050 2615 de
1057 2555 1212 2616 conditore

111 2654 199 2715 Urbis
214 2654 342 2715 Romulo
356 2652 428 2734 quid
443 2655 551 2715 attinet
576 2654 686 2727 dicere,
707 2674 775 2715 oum
789 2652 873 2713 nulle
887 2671 963 2733 gens
976 2662 1037 2713 tem
1051 2651 1118 2712 vilis
1130 2669 1213 2729 repe-

111 2750 213 2823 rietur,
238 2770 309 2831 ques
334 2750 380 2811 sui
409 2751 526 2830 generis
551 2762 703 2812 enotorem
731 2768 791 2811 non
820 2749 911 2809 leniat
939 2748 1047 2821 Deum,
1068 2758 1122 2809 aut
1146 2746 1212 2808 Deo

112 2846 263 2907 editnml'
305 2850 352 2907 19.
382 2846 520 2908 Ceterum
546 2846 710 2907 Nectenebi
739 2846 812 2924 luga
837 2846 1018 2925 temporibus
1042 2844 1125 2904 hisee
1150 2862 1212 2905 non

113 2942 269 3023 congruit:
290 2943 429 3009 sexennis
450 2944 528 3003 onim
547 2942 609 3023 jem
634 2952 698 3002 erat
719 2939 898 3013 Alexander,
919 2959 988 2999 oum
1009 2939 1060 2999 ille
1074 2941 1112 3000 ab
1126 2938 1212 2999 Oebo

113 3041 218 3113 motus,
232 3039 318 3099 uritis
332 3040 440 3119 opibus
454 3036 614 3100 excideret.
657 3037 721 3098 Neo
734 3036 803 3097 ideo
815 3036 914 3096 minus
927 3054 1037 3096 renum
1051 3047 1107 3109 est,
1128 3036 1209 3114 qnod

116 3134 241 3197 delore
259 3137 361 3198 fertur.
403 3138 453 3195 20.
476 3136 546 3216 lpse
566 3133 686 3215 quidem
712 3133 879 3215 Olympias,
902 3131 1003 3192 demto
1025 3141 1094 3211 post
1115 3133 1210 3191 meriti

115 3250 216 3291 nsosm
229 3244 322 3304 metu,
336 3232 585 3292 asseverationem
599 3230 652 3291 lilii
670 3228 747 3291 lore
771 3246 805 3288 se
827 3226 960 3306 genitum
979 3224 1063 3286 erodi
1085 3225 1211 3285 volentis

116 3328 238 3387 irrisisse
260 3328 378 3400 dicitur,
403 3328 553 3407 missaque
580 3326 709 3409 epistola
736 3324 888 3406 petivisse,
908 3330 967 3383 ‘ne
990 3341 1034 3395 se,
1059 3320 1130 3381 nibil
1150 3322 1211 3381 tsle

117 3426 325 3496 commeritum,
340 3424 416 3485 odiis
429 3424 556 3484 lunonis
571 3425 718 3503 objectare
729 3418 910 3503 pergeret'·
949 3421 1000 3479 21.
1021 3419 1119 3480 Antee
1132 3420 1211 3479 enim

118 3522 180 3597 ipra
192 3521 318 3579 maxime
333 3519 465 3580 fabalem
482 3520 674 3580 ooulirmesse
694 3518 845 3585 ereditur:
867 3517 1159 3596 proficiscentesque
1181 3517 1212 3575 in

121 3616 218 3675 Asiam
246 3614 450 3681 Alexandrum
473 3614 637 3688 monuisse,
664 3624 718 3674 ‘ut
740 3630 853 3673 memor
874 3611 997 3692 originis
1018 3610 1110 3689 digna
1128 3621 1213 3671 tanto

120 3713 248 3789 genitore
269 3712 460 3790 capesseret?
500 3714 552 3770 22.
573 3710 682 3771 Verum
703 3718 802 3769 temen
817 3706 942 3768 ostentis
957 3706 1053 3767 Deum
1067 3705 1212 3784 seriisque

123 3808 269 3887 presagils
282 3809 360 3867 inter
373 3816 550 3887 conceptum
565 3805 738 3884 editumque
752 3814 868 3883 partum
890 3800 1087 3881 significatum
1111 3802 1212 3875 luisse,

152 4020 242 4073 ¹l’lut.
252 4024 296 4074 1.1.
682 4026 725 4076 91.

154 4095 165 4129 ¹
177 4099 280 4151 Diodor.
288 4099 343 4151 Sic.
355 4114 380 4163 p.
386 4103 444 4150 111.
715 4104 728 4133 ¹
740 4098 794 4149 Lis.
807 4097 917 4149 Proelrt.

152 4175 159 4207 ¹
174 4174 242 4227 Just.
252 4178 299 4227 1.1.
316 4177 387 4227 Plut.
399 4176 476 4227 Alex.
487 4190 514 4240 p.
525 4180 583 4226 toll.
717 4174 731 4201 ⁸
743 4176 810 4225 Gell.
820 4176 900 4226 Nost.
912 4175 995 4227 Attio.
1007 4177 1107 4247 xrrrgl.
1119 4177 1143 4222 2.

153 4254 321 4305 ·l.tr.xxvr.
332 4256 373 4305 19.
389 4252 496 4303 Sueten.
506 4252 643 4304 Ostorius.
