2925 4867
399 332 406 341 '
428 344 488 396 οι..
511 327 662 395 exind.
698 346 737 397 ι.
760 346 821 397 uu.
844 346 883 397 rr.
903 330 980 397 333.
1186 333 1254 401 487

149 487 423 571 mep'rocreabas
440 486 608 555 infelicem
623 487 886 555 adversantibus
902 484 1005 553 Diist
1026 509 1069 554 an
1084 490 1193 556 uthos
1209 512 1253 561 ex

150 610 207 655 me
218 590 347 655 tructus
360 590 562 673 perciperes,
577 591 639 674 qui
650 592 864 687 temauentt
894 589 950 657 33.
962 590 1103 670 Nescio,
1119 593 1255 659 adoles·

152 690 267 755 centia
278 708 356 754 mea
367 690 518 755 miserior
531 691 590 770 sit,
600 711 643 756 an
652 697 806 757 senectus
822 698 900 760 tua:
920 712 985 777 ego
998 694 1032 758 in
1045 694 1124 777 ipso
1133 695 1254 759 robore

151 793 262 857 aetatis
278 792 418 875 eripior3
442 792 506 858 tibi
521 794 671 861 carnifex
686 794 843 880 spiritum
859 797 997 876 adimet,
1013 815 1127 881 qnam,
1144 797 1174 860 si
1190 796 1254 860 sor-

151 896 235 959 tnna
253 900 440 977 expectare
461 896 635 976 voluisset,
658 903 777 963 natura
790 898 1003 982 reposcebat.
1049 898 1103 963 34.
1127 897 1255 963 Admo-

148 995 223 1059 nuit
235 1014 289 1059 me
303 996 416 1079 patris
429 997 498 1062 mei
511 999 646 1077 mentio,
661 1018 763 1083 quam
777 1000 894 1065 timide
909 1004 944 1067 et
958 1003 1161 1077 cunctanter,
1175 1014 1253 1081 quae

148 1094 332 1163 Oebalium
347 1096 518 1163 detularat
539 1099 584 1165 ad
597 1119 664 1179 mc,
679 1100 829 1165 indicare
844 1100 1028 1168 debuerim.
1073 1100 1253 1167 Parmenio

147 1196 250 1276 enim,
263 1218 339 1263 cum
354 1199 516 1279 audisset,
541 1220 704 1267 venenum
726 1220 750 1267 a
772 1201 936 1286 Philippo
961 1203 1094 1267 medico
1108 1202 1176 1283 regi
1190 1219 1251 1284 pa·

146 1299 229 1373 rari,
244 1298 409 1363 deterrere
423 1319 498 1364 eum
514 1301 621 1366 voluit
635 1302 802 1386 epistola⁸
827 1304 968 1386 scripta,
978 1323 1046 1388 quo
1060 1304 1170 1367 minus
1185 1320 1255 1367 mo-

148 1399 372 1465 dicamcutnm
387 1400 527 1479 biberet,
541 1402 634 1485 qnod
647 1402 797 1467 modicus
821 1403 899 1469 dare
923 1405 1154 1471 constitueret.
1198 1404 1252 1468 35.

147 1498 244 1565 Num
258 1501 419 1568 credimur
433 1508 487 1566 est
501 1502 696 1586 patrimeot
713 1522 792 1568 num
806 1504 908 1569 ullam
924 1506 1159 1569 anctoritatem
1175 1504 1250 1588 ejus

145 1602 258 1669 literae
280 1604 495 1669 bnbnemutt
537 1604 611 1687 Ego
634 1605 723 1688 ipse,
739 1607 888 1689 quoties,
902 1625 979 1690 qnae
995 1605 1178 1685 audieram,
1193 1604 1253 1668 de-

148 1704 224 1783 tuli,
238 1724 315 1769 cnm
332 1703 479 1769 ludibrio
501 1704 716 1770 credulitatis
740 1707 895 1790 repulsus
916 1726 1004 1771 sum.
1050 1706 1089 1771 Si
1110 1711 1156 1783 et,
1176 1726 1252 1771 cum

147 1805 349 1886 indicamus,
362 1804 488 1884 invisi*
500 1811 546 1882 et,
569 1824 646 1871 cum
660 1812 827 1884 tacemus,
842 1809 993 1891 suspecti
1010 1826 1148 1889 rumus3
1172 1805 1253 1890 quid

145 1906 261 1972 facere
285 1926 350 1971 nos
373 1904 553 1990 oportett'
586 1906 642 1973 36.
665 1908 817 1992 Cumque
832 1928 918 1975 unus
932 1927 951 1973 e
967 1908 1254 1973 circumstantium

146 2009 246 2074 turba
260 2006 497 2085 exclamasset,
523 2006 643 2072 ‘Bene
658 2008 786 2073 meritis
800 2028 866 2073 nou
880 2009 1034 2074 insidiari
1044 2008 1063 2073 :'
1087 2008 1253 2086 Philotas,

143 2106 299 2185 ‘Recta’
312 2109 431 2192 inquit,
445 2113 455 2145 ‘
467 2110 622 2193 quisquis
634 2129 684 2187 es,
699 2108 798 2175 dicis.
841 2111 896 2175 37.
913 2109 1048 2194 Itaque,
1064 2111 1094 2175 si
1114 2109 1255 2175 insidia·

144 2216 202 2277 tus
229 2229 317 2288 sum,
345 2230 481 2295 poenam
507 2230 574 2275 non
600 2210 788 2297 deprecor;
813 2215 847 2275 et
870 2210 969 2276 finem
995 2210 1087 2277 facio
1109 2208 1253 2289 dicendi,

145 2311 305 2397 quoniam
330 2312 450 2377 ultima
472 2314 576 2378 uerba
603 2314 822 2396 gravissunt
848 2313 925 2377 visa
950 2312 1091 2377 auribus
1111 2312 1252 2378 vestris·

145 2411 341 2479 Abducitur
355 2412 478 2479 deinde
494 2414 538 2480 ab
551 2414 608 2495 iis,
624 2414 683 2499 qni
698 2413 940 2480 custodiebant
955 2432 1044 2479 eum.

178 2570 188 2607 ⁸
206 2573 255 2631 ee
269 2573 316 2623 ιιιι
331 2574 475 2637 murae.

598 2668 781 2693 mum

144 2770 181 2819 8⁸
197 2766 272 2819 leid.
283 2769 365 2834 Boug.
377 2772 401 2820 1.
411 2774 436 2820 3.
448 2776 478 2821 et
488 2770 559 2820 Dan.
568 2772 737 2822 matie.
753 2772 830 2820 Vorr.
842 2773 867 2819 3.
877 2768 977 2819 omittit
986 2772 1119 2833 expectere.
1136 2766 1252 2816 Floreat.

144 2832 307 2884 laid-Voss.
326 2839 350 2884 1.
366 2837 392 2884 2.
410 2834 470 2887 ΑΜ.
487 2834 572 2884 Colla.
590 2834 692 2900 Grypb.
710 2836 795 2897 Bong.
812 2833 929 2895 Grutert,
941 2832 1009 2885 Pali.
1024 2838 1047 2881 1.
1064 2838 1089 2882 3.
1107 2830 1184 2882 Frob.
1196 2830 1253 2879 Col.

145 2897 218 2947 Mer.
234 2903 263 2947 et
276 2898 337 2948 Βιι.
348 2904 437 2948 artare
450 2899 559 2963 putebat
566 2914 585 2958 ,··
593 2899 676 2961 Boug.
688 2904 711 2949 1.
722 2907 752 2949 et
762 2898 831 2949 Pitb.
842 2903 927 2947 eatan
941 2898 1048 2962 peccem
1055 2912 1065 2957 ,·
1082 2896 1149 2945 Dru.
1160 2900 1253 2944 aalma

139 2960 329 3025 mom-rr
343 2962 455 3013 vorat.
473 2963 556 3015 Amat.
568 2971 597 3013 et
608 2962 848 3026 Lugdeotar'terrrrr.
882 2964 999 3013 Florent.
1018 2961 1090 3011 nere.
1101 2967 1129 3009 et
1140 2961 1215 3008 Voss.
1227 2962 1251 3006 l.

143 3028 205 3075 dere
220 3025 447 3076 nurture-ts
466 3028 540 3077 Voss.
559 3030 585 3076 2.
601 3028 679 3077 litem
694 3027 755 3089 (ier.
788 3026 847 3076 Pal.
862 3028 887 3073 3.
903 3033 930 3076 et
945 3024 1018 3075 Mod.
1034 3029 1057 3073 rt
1072 3039 1125 3073 ιιιπι
1141 3022 1252 3072 Μϋιίο.

144 3088 222 3139 Laid.
242 3091 318 3141 Voss.
340 3094 363 3141 1.
382 3094 409 3140 3.
424 3091 510 3155 ltoug.
528 3098 558 3141 et
574 3091 684 3141 Gruteri
699 3104 788 3141 omues
807 3099 907 3154 praeter
924 3090 982 3139 Pal.
1002 3092 1027 3139 3.
1043 3088 1209 3143 ondetitutirr
1225 3086 1251 3135 in

143 3153 232 3217 Boug.
245 3156 270 3203 1.
282 3164 369 3204 tamen
378 3154 481 3204 emend.
491 3155 651 3205 credulitatis.
678 3156 743 3205 Mox
755 3154 863 3205 Gruteri
875 3167 972 3213 omnes,
983 3151 1043 3203 did.
1055 3152 1138 3202 Calin.
1151 3148 1251 3213 (tryph.

144 3216 205 3267 Col.
213 3224 241 3266 et
251 3218 313 3268 Βιι.
326 3217 370 3267 Sic
380 3221 405 3268 et
414 3234 467 3269 εποι
475 3235 485 3277 3
508 3220 623 3269 Floreat.
636 3218 709 3268 Leto.
725 3219 801 3267 Voss.
812 3223 836 3268 l.
848 3221 872 3267 Ι.
891 3218 946 3267 Pal.
959 3220 983 3266 3.
1015 3214 1141 3277 Montani,
1150 3223 1178 3263 et
1190 3212 1252 3264 edd.

143 3281 275 3345 plurime,
290 3282 355 3333 sier
367 3298 439 3341 enarr
455 3289 484 3332 et
495 3284 534 3334 sic
545 3291 656 3333 recenti.
688 3283 745 3333 Pro
760 3282 832 3331 ἱποιίι·
851 3279 968 3331 Fraiurh.
979 3280 1046 3343 conj.
1055 3278 1132 3340 irrisi,
1142 3277 1184 3327 rel
1194 3277 1252 3326 οοο·-

142 3346 267 3412 naquoe
279 3354 451 3411 reposuerunt
460 3347 525 3397 Tati.
533 3354 562 3397 et
573 3348 661 3397 Maitt.
677 3349 686 3378 ⁸
698 3345 865 3396 Necessaria
875 3359 925 3395 non
937 3344 1130 3408 sunt,qnanrrir
1139 3354 1190 3391 nou
1202 3340 1253 3391 dir·

143 3411 246 3475 plicent
255 3410 375 3461 Fretnrb.
386 3409 565 3488 conjectura!
576 3412 786 3462 &animm-te
802 3408 902 3460 Fauclr.
910 3409 980 3459 terte
989 3409 1165 3471 prmlrnreeut.
1183 3406 1252 3455 Hinc

143 3475 233 3525 οιιιοΙι
253 3489 333 3541 usque
351 3474 384 3525 ad
399 3478 457 3539 eard
472 3475 601 3539 purtim
618 3475 713 3525 desunt
730 3474 757 3523 in
774 3474 859 3536 Bong.
877 3477 901 3523 l.
935 3472 998 3522 Mox
1011 3473 1105 3521 Venet.
1117 3471 1213 3520 Veron.
1226 3478 1254 3519 et

142 3540 215 3589 Mer.
225 3554 272 3587 ποπ
285 3539 381 3588 bonbar
395 3540 523 3599 inridierig
543 3538 573 3587 rb
583 3554 630 3588 ποπ
642 3538 765 3588 omittunt
776 3537 851 3588 Voss.
863 3540 888 3586 2.
901 3542 927 3585 et
941 3536 1078 3585 pitu—87
1095 3542 1102 3564 ⁴
1113 3534 1250 3584 Immerito

143 3603 260 3653 editores
273 3606 341 3651 trunc
357 3603 441 3653 locum
458 3612 596 3663 rexerunt,
612 3602 674 3653 dum
691 3604 733 3652 rel
745 3602 797 3651 airu
817 3599 1021 3665 abjiciuntque
1033 3613 1083 3648 rex
1095 3598 1120 3648 in
1132 3598 1251 3648 omuibus

141 3666 201 3718 t'ere
211 3666 288 3717 codd.
303 3667 432 3729 [Floreat.
449 3667 525 3717 Laid.
536 3669 614 3717 verr.
632 3670 657 3717 t.
674 3670 700 3717 2.
713 3666 832 3717 omnibns
842 3664 960 3729 Gurtert,
978 3665 1072 3714 venet.
1083 3664 1179 3713 Veron.
1190 3662 1251 3710 Ver.

142 3744 189 3781 an.
206 3736 279 3782 lm.
312 3730 423 3781 Mediol.
432 3730 495 3781 ΑΜ.
507 3732 592 3783 Golia.
603 3730 706 3796 Orypb.
719 3730 776 3781 cot.
788 3730 868 3780 Frob.
884 3730 951 3779 Mer.
963 3734 991 3779 et
1008 3726 1081 3789 Bau]
1097 3726 1251 3785 exhiberem

142 3796 189 3847 rel
198 3797 292 3859 ratris,
302 3796 373 3862 quod
386 3797 505 3859 verbnm,
514 3796 541 3845 ln
550 3795 637 3846 multis
647 3792 755 3861 quidem
766 3792 901 3853 deficiens,
912 3792 1039 3856 [Floreat.
1051 3790 1127 3842 Leld.
1138 3790 1214 3841 von.
1224 3793 1250 3840 l.

637 3924 750 3977 1³01·AE

142 4020 275 4089 perierat:
294 4020 411 4071 Nicanor
421 4034 473 4071 uon
484 4020 521 4071 tt·
533 4018 645 4086 pridem.
718 4020 851 4085 uulgatum
862 4019 942 4069 irriti.
975 4014 1094 4079 Respicit
1108 4012 1176 4064 enirn
1190 4014 1251 4074 ista,

176 4107 186 4131 ¹
201 4096 323 4161 Epistola]
338 4096 405 4145 Vide
415 4097 461 4146 tib.
469 4110 513 4146 ιιι.
524 4112 585 4161 cap.
593 4102 619 4149 d.
717 4098 797 4147 ‘cunr
823 4095 934 4149 ludibrio
949 4090 1113 4144 credulitatis
1135 4091 1253 4156 repulsus
