2925 4867
532 783 1063 943 PROLEGOMENA

779 1039 822 1082 DE

450 1228 677 1323 QUINTI
726 1218 951 1303 CURTH
1001 1214 1152 1297 RUFI

313 1454 472 1517 NOMINE,
489 1454 625 1516 AETATE,
640 1448 809 1503 vlumus:
825 1440 1068 1504 CONDH'IONE,
1083 1433 1237 1491 NEGNON
1254 1433 1308 1485 DE

461 1550 550 1601 FIDE
566 1547 653 1601 ΗΠΒ
669 1539 872 1597 nisuomcu
888 1536 1010 1593 ANUE
1023 1532 1148 1587 suino.

441 1858 502 1923 [EX
518 1806 614 1911 EDI‘i‘·
629 1854 666 1906 D.
676 1852 701 1905 1.
713 1852 747 1905 Τ.
762 1849 899 1913 CUNZU,
913 1842 1167 1905 Hfflss'l'vim]

264 2166 289 2214 r.
309 2124 481 2229 Nonstt,
503 2152 587 2215 setus
601 2156 637 2215 et
651 2150 731 2215 vite
748 2146 896 2215 conditio
909 2144 1030 2225 Quinti
1043 2143 1154 2211 cnrui
1176 2140 1258 2208 ltuu
1282 2148 1351 2207 tum

264 2252 386 2338 spissis
409 2253 571 2318 obvolute
595 2259 674 2318 suut
697 2249 853 2328 tenebris,
880 2256 929 2327 ut,
954 2263 1144 2331 quuuquum
1168 2243 1350 2327 plurimun

263 2370 376 2437 opem
391 2371 432 2421 ae
443 2352 568 2419 umes
581 2351 615 2415 ie
629 2368 702 2416 eam
717 2369 786 2416 rem
800 2332 1018 2435 impenderint
1038 2348 1101 2415 eu
1113 2344 1353 2425 uoeunmsee

264 2459 429 2519 tentatum
444 2453 501 2530 sit,
523 2470 565 2517 ee
587 2451 787 2533 investigere
801 2457 911 2535 etque,
932 2450 1100 2517 nedicunt
1114 2466 1192 2513 cun
1207 2444 1355 2519 reritste,

266 2552 327 2617 sed
341 2570 417 2617 enm
429 2550 713 2617 verisimilitudine
728 2550 876 2617 dednire.
919 2550 986 2618 Cui
998 2550 1134 2634 quidem
1147 2546 1195 2613 rei
1207 2564 1276 2613 non
1286 2544 1358 2611 eii·

265 2651 378 2719 subest
391 2670 507 2733 owse,
530 2670 631 2736 quum
653 2652 745 2737 quod
767 2652 866 2718 oertis
883 2652 932 2719 iili
951 2658 987 2719 et
1003 2648 1199 2716 indubitatis
1209 2664 1256 2712 ex
1270 2647 1356 2711 unti-

265 2752 393 2834 quitute
406 2752 524 2837 petitis
536 2770 672 2837 prorsus
685 2750 946 2819 destituebantur
955 2749 1163 2818 admuntis.
1204 2746 1357 2813 Eundem

267 2851 313 2918 ob
327 2868 465 2917 oensem
478 2850 587 2916 oleum
602 2861 690 2919 uerte
704 2858 739 2917 et
750 2870 888 2938 operam
900 2850 1054 2936 equidem
1066 2849 1248 2935 perderem,
1261 2848 1357 2913 siui-

267 2948 373 3014 terius
390 2951 424 3014 in
439 2950 515 3015 illus
528 2968 580 3017 res
595 2952 760 3034 inquirere
772 2970 923 3019 nomnen.
965 2950 1079 3019 Setius
1093 2950 1164 3030 erit,
1185 2948 1360 3017 menois

267 3048 411 3128 illorum,
432 3050 489 3133 qni
513 3068 658 3133 unquam
681 3053 772 3117 eires
792 3051 880 3115 tutes
901 3050 1107 3133 questiones
1125 3048 1248 3115 versuti
1270 3056 1358 3125 suut,

268 3148 412 3213 virorum
425 3156 461 3213 et
471 3166 554 3228 meu,
566 3152 823 3235 qualiacumque
837 3170 881 3216 es
894 3160 973 3216 sunt
985 3150 1106 3217 uddere
1121 3157 1224 3232 etque
1237 3150 1358 3232 cuique

268 3247 430 3315 lectorum
444 3252 632 3335 permittere
646 3252 776 3317 cuinam
788 3252 945 3318 ussentiri
958 3252 1071 3317 libent.

313 3346 511 3415 Praenomeu
523 3356 559 3415 et
572 3368 694 3417 nomeu
708 3349 816 3416 Curtii
835 3351 871 3416 in
885 3352 1042 3418 omnibus
1055 3356 1172 3416 ertuut
1184 3348 1361 3416 eodieioos

271 3449 515 3531 manuscriptis,
535 3456 679 3533 excepto
703 3450 930 3532 Bongursiuno
958 3450 1116 3529 secundo,
1136 3449 1208 3533 qui,
1230 3450 1362 3513 omisso

179 3589 184 3600 ·
271 3547 488 3629 prenomine,
510 3550 556 3615 itu
579 3549 729 3632 prefert:
755 3548 860 3615 Curtii
876 3548 953 3635 Rufi
973 3549 1083 3633 incipit
1106 3548 1183 3613 liter
1205 3550 1316 3612 tertius
1328 3556 1364 3613 et

272 3645 443 3713 Vossiuuo
458 3648 624 3727 moundo,
644 3650 702 3735 qui
724 3652 797 3716 sine
810 3652 883 3716 ulio
901 3652 1061 3717 librorum
1075 3650 1130 3715 vei
1149 3648 1297 3714 auctoris
1311 3650 1365 3712 in·

273 3746 350 3811 dice
372 3753 434 3812 est-
476 3748 545 3813 Sed
568 3767 750 3832 cognomen
775 3751 950 3816 Pelutinus
972 3748 1367 3827 secundus,1eidensis,

273 3844 475 3920 Vossianus,
489 3846 589 3913 codd.
600 3849 716 3933 optimi
730 3855 765 3915 et
778 3848 1016 3933 antiquissimi,
1031 3854 1132 3935 utque
1145 3849 1246 3913 etiem
1259 3846 1369 3913 editio

275 3944 355 4011 Aldi
372 3946 515 4013 Manutii
529 3947 698 4031 omittunt,
719 3956 920 4037 propterque
941 3970 984 4017 eu
1004 3969 1070 4015 uon
1093 3948 1188 4015 obest
1200 3947 1368 4032 suspicio,

276 4065 459 4128 cognomen
481 4046 565 4114 illud
584 4048 757 4115 uiibren'o
780 4068 858 4116 esse
879 4057 1045 4129 assutum,
1066 4048 1154 4115 hund
1176 4048 1367 4129 dubitante,

277 4145 438 4226 Curtium,
459 4149 555 4235 cujus
577 4149 728 4215 meminit
748 4150 929 4217 Suetonius
943 4153 978 4217 iu
993 4150 1105 4217 indice
1119 4148 1370 4217 Exoelientium
