2925 4867
237 376 281 443 22
643 386 925 439 suessonense

238 534 296 601 dia
308 532 458 597 membra
472 528 581 595 adbuc
595 528 812 613 trepidarent,
826 526 887 594 sed
901 535 1052 595 mutatus
1065 530 1220 615 princeps
1232 531 1334 596 lieen-

238 636 320 702 tiam
339 634 510 698 turbarum
531 632 743 709 ostendebat,
756 630 942 715 etquidem
955 632 1059 696 etiam
1072 632 1258 715 principem
1274 634 1334 697 de·

238 736 428 801 trectabant
450 753 520 799 non
540 752 563 799 a
587 752 625 799 sc
648 732 788 799 datum:¹
832 732 1025 799 Praeterea
1050 743 1161 798 autem
1175 734 1334 799 Tiberius

238 838 315 921 ipse
339 837 423 901 adeo
444 835 526 901 nibil
547 834 630 900 iecit
653 833 698 899 ad
712 832 969 919 supprimendas
981 835 1067 899 istas
1080 836 1206 911 turbae,
1222 844 1257 901 ot
1271 845 1336 901 tre·

238 937 321 1023 pida
334 939 456 1003 civitas
469 937 635 1003 incuriam
650 936 722 1021 ejus
745 936 903 1001 incusans
929 946 1195 1018 (torquerentur,
1221 938 1335 1021 ‘quod

238 1040 339 1104 dum·
359 1044 472 1123 patres
496 1042 529 1103 et
560 1037 704 1122 plebem,
728 1035 880 1101 invalida
901 1042 936 1101 et
956 1036 1104 1114 inermia,
1123 1037 1336 1102 cunctatione

237 1142 316 1207 licta
337 1138 578 1218 ludificaretur,
602 1138 781 1203 dissideret
803 1136 931 1201 interim
955 1137 1051 1203 miles
1070 1156 1178 1221 nsque
1192 1136 1335 1203 duorum

170 1236 176 1249 '
237 1240 495 1308 adolescentium
508 1238 630 1325 (Drusi
643 1240 705 1305 tilii
720 1245 756 1305 et
769 1238 963 1305 Gennanioi
976 1238 1087 1304 fratris
1099 1240 1173 1317 lilii)
1189 1239 1335 1303 nondum

240 1343 354 1409 adulte
368 1342 569 1407 auctoritate
579 1341 758 1425 comprimi
771 1346 909 1424 posset;
926 1340 975 1405 ire
989 1341 1099 1424 ipsum
1115 1348 1152 1405 et
1166 1358 1337 1424 opponere

239 1444 449 1528 majestatem
471 1443 716 1527 imperatoriam
739 1440 1006 1507 debuisse-An
1031 1441 1219 1526 Augustum
1244 1442 1337 1506 sessa

239 1553 342 1611 aetate
365 1546 465 1611 toties
483 1546 518 1609 in
541 1542 740 1610 Germanias
764 1560 952 1609 commeare
977 1544 1141 1627 potuisse,
1163 1543 1336 1609 Tiberium

240 1647 406 1730 rigentem
429 1646 523 1711 aunis
547 1644 664 1711 sedere
689 1646 722 1712 in
747 1650 867 1711 senatu
886 1646 993 1711 verbe
1015 1654 1152 1729 potrum
1173 1644 1337 1711 cerillm·

239 1756 304 1814 tem
315 1749 341 1812 'l'

283 1848 440 1915 Ceterum
463 1846 723 1933 Rempublicem
747 1866 814 1913 non
830 1846 1043 1932 deperditam
1063 1854 1123 1914 aut
1136 1864 1338 1932 oppressam

239 1952 375 2027 invenit,
389 1950 450 2015 sed
463 1968 594 2015 summa
608 1968 683 2015 cum
709 1968 791 2015 cure
811 1952 856 2016 ab
881 1948 1037 2033 Augusto
1060 1950 1338 2023 administratam,

240 2052 398 2119 maximis
411 2050 543 2116 viribus
558 2057 704 2129 auctam,
717 2051 888 2117 immensis
904 2052 1031 2135 opibus
1053 2053 1178 2130 nixam,
1197 2052 1338 2134 positis-

240 2172 306 2238 que
327 2154 407 2218 olim
431 2150 533 2216 ermis
556 2152 725 2230 civilibus,
737 2170 826 2236 pace
839 2152 972 2219 diutina
984 2161 1168 2220 recreatam
1182 2152 1279 2228 adeo,
1300 2158 1340 2215 ut

237 2254 374 2319 Tiberio
388 2254 575 2336 imperante
593 2270 702 2337 neque
724 2253 970 2319 ‘revirescere'
992 2273 1101 2340 neque
1124 2255 1232 2338 magis
1253 2250 1339 2317 ‘tlo-

239 2355 331 2421 rero'
351 2354 422 2420 ullo
436 2352 538 2419 modo
552 2354 711 2437 potuerit.

286 2456 331 2521 Iit
345 2474 414 2539 qua
428 2453 562 2519 tandem
573 2454 683 2519 fronte
698 2455 909 2538 posteritatis
923 2455 1088 2523 diuturne
1099 2457 1222 2522 domus
1235 2454 1341 2521 'libe-

240 2560 299 2625 rim
312 2556 582 2642 expectationem
594 2574 740 2633 morere,
761 2557 943 2622 autetiam
963 2558 1167 2625 mentionem
1190 2557 1265 2641 ejus
1287 2558 1342 2623 ia·

241 2678 314 2727 cere
329 2677 434 2725 ausus
447 2661 537 2723 essct
552 2654 699 2737 Curtius,
713 2657 854 2724 Tiberio
867 2660 960 2738 vivo,
975 2661 1035 2743 qni
1057 2660 1093 2724 iu
1113 2678 1212 2725 omne
1232 2678 1342 2743 genus

242 2759 445 2828 crudelitatis
456 2757 541 2824 edeo
549 2764 717 2844 eruperat,
730 2766 831 2844 atquo
842 2758 887 2825 ad
896 2762 1061 2827 teterrime
1071 2760 1220 2827 facinora
1233 2760 1342 2825 obdu·

241 2868 366 2940 ruerat,
378 2866 420 2925 ut
433 2860 466 2925 in
482 2878 599 2925 omnes
613 2881 692 2927 snos
707 2862 1100 2948 crudelissimossemper
1109 2862 1231 2927 fueriti
1264 2861 1342 2926 Pri·

241 2982 333 3027 mum
347 2963 438 3027 enim
451 2961 566 3027 scelus
584 2964 663 3029 novi
685 2963 895 3047 principatus
913 2964 978 3029 luit
1000 2964 1153 3029 Postumi
1174 2963 1341 3046 Agrippae

240 3059 502 3143 listrisceedes,'
520 3064 653 3132 scilicet
665 3066 853 3143 verebatur,
877 3085 923 3131 ne
947 3067 1040 3150 regni
1054 3067 1193 3132 emulus
1205 3065 1264 3131 iile
1277 3082 1342 3129 ex·

240 3168 365 3242 ieteret,
374 3184 450 3229 eum
464 3184 577 3231 rumor
588 3166 811 3244 incessisset,⁸
823 3183 950 3250 paucos
963 3172 1042 3232 ente
1055 3186 1187 3231 meuses
1201 3165 1344 3248 Augus·

242 3275 326 3344 tum,
342 3266 457 3330 electis
472 3267 631 3345 consciis,
645 3274 681 3333 et
695 3268 818 3333 comite
828 3286 896 3332 uno
913 3266 1021 3333 Fabio
1032 3268 1198 3346 Maximo,
1213 3268 1343 3333 Plana·

242 3368 328 3431 siem
343 3374 478 3456 vectum¹
488 3368 533 3433 ad
546 3367 722 3433 visendum
733 3367 940 3453 Agrippam
954 3371 1077 3435 multas
1086 3369 1159 3435 illie
1170 3370 1343 3453 utrimque

241 3470 408 3553 lacrymor
422 3476 457 3533 et
470 3470 563 3551 signa
575 3470 739 3550 caritatis,
753 3490 916 3555 spemque
929 3492 973 3538 ex
985 3490 1039 3549 co,
1053 3472 1139 3550 sore,
1154 3479 1192 3537 nt
1200 3473 1343 3558 juvenis

242 3570 422 3653 penatibus
436 3568 634 3635 redderetur.

287 3670 447 3735 Filiorum
474 3690 585 3753 neque
611 3672 797 3737 naturalem
823 3672 984 3750 Drusum,
1009 3691 1119 3757 neque
1143 3674 1344 3759 adoptivum

242 3772 492 3847 Germanicum,
505 3773 618 3855 petria
630 3774 771 3840 caritate
785 3772 928 3840 dilexit.¹¹
985 3775 1041 3841 Ne
1056 3785 1188 3842 mortuo
1202 3779 1343 3861 quidem

274 3978 388 4029 i'l'rcit
408 3976 502 4027 Annei.
519 3991 539 4029 r.
559 3984 598 4031 lt.
617 3987 645 4031 et
661 3981 772 4033 bueron.
811 3983 866 4032 ber.
878 3984 920 4031 2².

241 4056 381 4105 liberat·
842 4055 1097 4107 suscitarent.

274 4136 286 4165 ⁸
301 4130 386 4181 Tacit.
397 4128 465 4185 Anu.
477 4142 496 4178 t.
505 4134 546 4182 td·
634 4188 641 4199 ¹
843 4130 855 4165 ¹¹
870 4132 980 4183 Sueten.
991 4133 1082 4184 Tibur.
1094 4140 1135 4187 tt.
1151 4144 1180 4186 et
1193 4138 1278 4187 Tacit.
1289 4138 1342 4187 Au·

272 4206 286 4241 '¹
296 4208 379 4258 Tacit.
391 4202 485 4255 Aorsi.
499 4219 517 4255 r.
528 4210 553 4255 t.
565 4212 593 4255 et
604 4208 712 4259 Sueten.
728 4206 772 4257 'li-
811 4208 860 4257 url-
872 4220 903 4259 rr.
914 4212 955 4258 bb.
