2925 4867
253 332 298 398 20
659 342 943 395 rnonucorrurts

255 490 433 557 Scribonia
460 490 599 568 Juliam,
628 506 673 553 ex
699 487 800 553 Livia
827 488 912 553 nibil
935 488 1245 566 liberorum'tulit,¹
1270 508 1349 555 cum

254 593 401 657 marium
417 600 565 674 cuperet,
599 590 755 673 Nepotes
767 586 812 657 e'x
826 588 980 675 Agrippa
992 598 1061 655 tres
1073 590 1203 667 babuit,
1216 589 1349 667 caium,

254 693 394 758 Lucium
408 698 442 759 et
454 692 650 777 Agrippam,
665 690 707 757 de
729 693 854 776 quibus
868 692 989 758 caium
1001 700 1038 757 et
1051 692 1194 758 lucium
1208 692 1350 775 adopta·

254 796 305 859 vit
319 795 463 878 quidem,
483 815 544 880 per
559 792 674 860 assem
688 801 724 860 et
742 793 862 861 libram
877 800 985 861 emtus
998 816 1021 860 a
1038 800 1147 880 patre,
1161 794 1223 860 sed
1234 795 1348 861 ioelum

253 909 330 962 eum
344 906 445 981 atque
466 896 620 962 fidentem
637 896 702 961 bac
725 898 845 962 sobole
865 897 1000 963 fortuna
1017 896 1173 962 destituit
1185 896 1246 974 ita,
1260 905 1300 962 ut
1311 897 1349 961 iu

246 994 482 1083 'duodeviginti
500 998 793 1081 mensiumsputio
807 1000 958 1065 amiserit
972 999 1107 1074 ambos,
1123 996 1209 1063 Caio
1222 999 1259 1063 in
1281 998 1349 1083 by·

252 1100 319 1179 cia,
355 1100 463 1165 Lucio
500 1099 667 1165 Massiliae
696 1098 873 1166 minuetis.
914 1100 1003 1165 'l'um
1031 1100 1164 1165 terbum
1192 1105 1346 1183 nepotem

252 1200 449 1285 Agrippam,
469 1202 634 1285 simulque
657 1200 849 1282 privignum
869 1200 1039 1266 Tiberium
1061 1201 1248 1283 tdoptarit
1291 1200 1347 1265 E'x

252 1302 372 1387 quibus
390 1301 575 1386 Agrippam
589 1301 683 1366 brevi
695 1299 920 1383 ob'ingeninm
935 1302 1105 1367 sordidum
1119 1320 1161 1366 ac
1177 1301 1275 1366 ferox
1287 1302 1347 1368 ab·

251 1404 390 1480 dicavit,
404 1408 438 1468 et
453 1402 533 1487 quid
548 1404 592 1468 de
606 1402 745 1467 'liberio
768 1403 960 1485 sperauerit,
973 1403 1029 1467 vei
1045 1402 1124 1468 inde
1138 1410 1244 1487 patet,
1256 1404 1346 1487 quod

251 1505 471 1587 ingemiscens
485 1505 611 1588 saepius
624 1504 834 1588 proclamare
846 1504 972 1570 soleret
983 1503 1069 1571 illud
1082 1504 1245 1571 Homeri·
1260 1506 1295 1569 in
1308 1524 1346 1569 se

250 1625 405 1671 uersum:
1041 1628 1044 1633 ·

338 1706 397 1770 ,ἥθ’
412 1706 513 1785 durius
526 1706 641 1793 ἄγαμός
653 1709 679 1773 τ’
689 1708 799 1791 dm,
812 1708 916 1797 ἄγονός
929 1712 958 1775 r’
972 1708 1140 1778 suma.

253 1810 401 1876 Fuerunt
425 1819 550 1894 praeter
575 1829 628 1886 ea,
653 1812 714 1896 qui
739 1813 916 1890 traderent,
940 1812 1130 1897 dumetum
1151 1810 1267 1895 palam
1280 1827 1344 1874 nec

251 1909 499 1977 dissimulanter
523 1931 649 1977 morum
670 1913 746 1998 ejus
768 1913 939 1986 diritatem
961 1914 1046 1979 adeo
1064 1913 1346 1997 imputassent

249 2030 485 2097 nonnunquam
499 2013 709 2079 remissiores
731 2014 969 2101 hilarioresque
992 2034 1162 2080 sermones
1183 2032 1345 2097 superve-

248 2114 358 2177 niente
373 2134 414 2178 eo
428 2115 661 2200 abrumperet.t
703 2110 839 2182 Sauum
862 2119 963 2182 etiam
985 2136 1027 2182 ac
1052 2117 1175 2181 lentam
1188 2122 1343 2181 naturam

250 2232 292 2277 ne
312 2216 348 2278 in
371 2236 477 2299 puero
500 2217 632 2301 quidem
655 2218 819 2285 latentem
842 2220 1026 2303 respiciens
1047 2216 1233 2301 Augustus,
1256 2217 1342 2281 banc

250 2316 360 2381 emisit
373 2334 490 2382 vocem
507 2338 525 2381 a
543 2320 759 2384 cubiculariis
773 2328 976 2403 exceptam:
1007 2318 1169 2383 blisemm
1181 2318 1344 2401 populum

249 2414 447 2499 Romanum,
461 2420 521 2501 qui
542 2420 606 2485 sub
629 2412 698 2484 tam
721 2419 819 2483 lentis
833 2420 980 2485 maxillis
1001 2421 1073 2483 erit.
1117 2417 1343 2501 Expugnatus

248 2518 406 2602 precibus
435 2520 553 2585 uxoris
582 2519 834 2605 adoptationem
862 2521 937 2606 ejus
961 2540 1028 2587 non
1056 2519 1172 2585 abnuit
1198 2518 1346 2603 quidem,

248 2617 393 2703 eumque
409 2620 577 2687 baeredem
592 2623 740 2706 scripsit,
764 2623 825 2688 sed
839 2623 899 2702 ita,
921 2633 961 2688 ut
975 2624 1148 2705 augeretur
1168 2619 1245 2685 iude
1267 2640 1346 2686 sus-

248 2723 342 2803 picio
365 2722 583 2804 opinantium,
608 2722 852 2808 Imperatorem
870 2727 1077 2791 necessitate
1104 2723 1210 2804 magis
1238 2740 1345 2807 quam

242 2822 374 2906 iudicio
385 2824 567 2889 eaiecisse.
588 2824 796 2891 Testamenti
805 2834 918 2891 autem
928 2825 1059 2891 initium
1071 2824 1154 2889 luit:
1170 2820 1345 2901 Quianam

247 2924 381 2990 sinistra
395 2926 528 2993 launna
544 2926 662 2993 Gaium
678 2935 713 2994 et
731 2927 875 2993 Lucium
889 2928 977 2993 lilios
995 2927 1077 2992 mibi
1091 2926 1226 3010 eripuit,
1239 2925 1346 2990 Tibe-

246 3027 315 3089 rius
330 3025 448 3092 Caesar
462 3028 541 3092 mibi
556 3047 599 3093 ex
623 3034 718 3111 parte
740 3029 881 3095 dimidia
894 3035 928 3093 et
949 3035 1104 3096 sextante
1126 3028 1232 3093 luteres
1254 3034 1347 3094 esto.

245 3125 359 3211 Atque
372 3130 414 3194 de
429 3129 573 3209 bomine,
587 3148 688 3214 quem
701 3128 876 3212 Angustus
889 3150 957 3195 uon
966 3131 1108 3195 electum
1115 3148 1349 3213 unum,quem

243 3228 421 3311 plurimum
436 3230 598 3313 diligeret,
613 3229 671 3294 sed
681 3231 1047 3296 relietumexomnibus
1056 3230 1348 3314 atquepraelatum

242 3332 395 3413 nequiori
408 3332 532 3397 invitus
551 3330 714 3397 baeredem
732 3331 934 3410 instituerat,
959 3330 1096 3397 Curtius
1118 3331 1343 3415 scripsisset:

245 3430 335 3494 absit
349 3430 450 3495 modo
464 3431 604 3508 invidia,
617 3432 679 3495 &a

286 3528 461 3595 Ausonius
487 3532 629 3614 Popma,
653 3531 778 3599 Jacob.
794 3533 1002 3605 Perizonius,
1017 3535 1134 3611 etalii,
1148 3536 1206 3618 qui
1221 3536 1266 3599 ad
1277 3534 1352 3602 Ti·

242 3628 326 3695 berii
352 3630 511 3716 tempore'
524 3632 676 3698 Curtium
698 3634 854 3713 referunt,
879 3636 980 3700 meris
1005 3637 1197 3701 nominibus
1222 3638 1353 3719 potius

242 3732 385 3797 nituntur
413 3742 513 3818 atque
534 3734 715 3814 confidunt,
741 3756 843 3820 quam
868 3739 1065 3804 auctoritate
1088 3737 1195 3802 Curtii
1218 3738 1356 3822 ipsius.

242 3831 383 3898 Scilicet
395 3833 546 3900 Curtium
555 3843 703 3902 nostrum
718 3839 890 3903 invenisse
905 3846 1026 3923 putant
1041 3842 1076 3904 in
1088 3840 1201 3904 Taciti
1214 3838 1354 3912 Annei.

244 3950 299 3999 xa
315 3935 367 4000 20.
386 3942 418 4001 et
437 3938 490 4001 21.
506 3947 541 4003 et
556 3940 591 4003 in
606 3939 714 4005 titulis
730 3939 831 4005 codd.
847 3941 934 4006 Mss.
951 3940 1054 4005 libelli
1075 3940 1272 4008 Suetoniani
1297 3946 1355 4015 do

274 4082 403 4133 ‘Suetora
420 4084 516 4135 Octar.
531 4088 571 4134 tlt.
582 4098 651 4152 seqq.
683 4076 770 4137 'lacit‘
839 4094 849 4119 ⁸
865 4086 941 4136 Iliad.
953 4100 997 4135 ιιι.
1008 4091 1050 4137 tt).

241 4155 334 4207 Arent.
347 4172 364 4207 ι.
376 4162 400 4209 6.
411 4171 484 4223 seqq.
841 4163 849 4195 ⁸
864 4162 1068 4213 Sueton.'l'iber.
1077 4166 1117 4211 tl.
