2925 4867
250 396 273 461 o
689 412 910 462 naumurum

251 558 422 629 notantur,
438 554 496 618 nbi
509 550 616 617 Curtii
629 551 807 635 Tacitique
829 559 865 616 81
886 554 1059 618 8881881188
1085 561 1122 618 81
1142 557 1245 620 verba
1266 560 1343 621 suut

252 654 434 723 simillima.
477 652 591 721 Instar
615 652 765 718 omnium
788 654 856 718 8181
880 652 950 719 dno
980 654 1121 721 Samum
1146 656 1227 734 loci,
1252 657 1343 741 apud

252 768 351 839 quem
366 754 540 838 Epistco.
555 748 609 821 16.
622 752 764 837 legitate
784 752 904 819 ‘Nihil
919 760 989 820 tum
1009 760 1132 821 cautum
1156 762 1220 834 cst,
1240 775 1342 840 qnam

251 856 309 921 otii
320 856 405 922 vitia
415 854 554 938 nogotio
566 852 709 921 discuti.¹
752 854 856 937 Apud
868 852 1018 919 Curtium
1034 871 1099 919 vu.
1114 856 1145 919 1.
1159 857 1192 920 4.
1236 856 1344 921 Alex·

250 956 353 1021 ander
368 960 378 990 ‘
391 956 476 1021 satis
497 954 654 1039 prudeus,
668 954 731 1019 otii
753 954 840 1020 vitia
857 954 996 1036 negotio
1011 955 1159 1035 discuti‚’
1172 958 1233 1022 irc.
1267 956 1342 1041 Ap.

250 1056 368 1121 Scuec.
384 1056 449 1139 Ep.
463 1057 518 1125 69.
533 1056 587 1123 18.
600 1058 613 1090 1
624 1061 742 1138 gentes
754 1074 796 1121 nc
808 1054 958 1121 finitimis
971 1056 1106 1140 quidam
1118 1058 1205 1123 satis
1218 1064 1315 1123 notas
1324 1055 1345 1135 ς’

249 1174 306 1239 ap.
331 1154 425 1222 Curt.
449 1174 515 1222 vn.
536 1156 570 1223 θ.
588 1159 621 1223 1.
645 1158 815 1223 nationem
838 1174 882 1221 ne
906 1154 1077 1222 ‘finitimis
1100 1157 1235 1241 quidem
1257 1158 1343 1222 88118

248 1255 456 1333 uotam,’&c.
493 1256 721 1324 Frciuhemio
737 1264 876 1342 uterque
896 1277 918 1322 8
934 1258 1035 1323 tortio
1049 1258 1163 1342 aliquo
1176 1265 1344 1324 mutuatus

250 1356 401 1437 videtum
421 1356 484 1423 sed
508 1359 539 1423 si
562 1358 697 1424 aliunde
715 1378 852 1443 quoquc
875 1359 1015 1443 probati
1037 1360 1170 1444 poterit,
1192 1358 1345 1425 Curtium

250 1456 441 1539 posterioris
452 1458 520 1524 (881
534 1456 725 1536 fulcoaldo
744 1478 788 1525 ex
813 1457 941 1525 888888
961 1458 1134 1543 depromta
1151 1457 1344 1525 8888188118

249 1556 428 1623 concedes.
472 1558 609 1625 Curtius
636 1574 693 1623 tx.
720 1562 755 1625 6.
778 1560 835 1627 17.
865 1561 973 1626 utitur
993 1562 1096 1626 verbo
1128 1560 1346 1644 ‘piissimus’

252 1658 340 1741 quod
353 1658 482 1725 nullum
496 1679 572 1727 8888
584 1661 620 1726 in
636 1660 760 1727 Iutiua
769 1662 883 1745 lingna
893 1660 1014 1727 Cicero
1029 1660 1183 1745 Philipp.
1193 1676 1281 1725 xm.
1294 1661 1344 1725 19.

253 1765 442 1825 auctorest
483 1760 564 1827 Jam
578 1780 660 1827 vero
676 1763 822 1846 scriptor
841 1760 963 1827 Tacito
982 1769 1019 1827 81
1032 1761 1163 1826 Seneca
1176 1760 1345 1845 antiquior

250 1876 319 1923 non
330 1862 501 1942 reperitur,
515 1861 574 1945 qui
585 1862 644 1927 illo
659 1864 761 1927 verbo
774 1869 897 1928 utatur.
942 1862 1165 1947 Frequentius
1179 1868 1233 1926 881
1252 1861 1345 1944 apud

234 1958 453 2031 ,Ausonium
494 1960 578 2027 Vox
602 1962 823 2046 ‘sagittandi’
845 1978 913 2028 vn.
937 1966 971 2030 d.
997 1964 1052 2028 tt.
1080 1964 1115 2029 in
1141 1962 1344 2045 antiquiore,

249 2081 352 2146 quum
364 2061 390 2128 J
391 2064 519 2129 ustinus
539 2068 602 2142 881,
621 2082 689 2131 uon
709 2064 840 2148 legitur.
884 2063 1027 2143 Quintil.
1043 2063 1129 2129 lust
1145 2062 1242 2128 Orat.
1260 2076 1302 2126 x.
1312 2061 1344 2127 1.

251 2180 445 2247 quanquam
466 2165 542 2249 ipse
565 2165 685 2231 fatetur
706 2164 819 2249 plures
839 2163 1001 2248 legendos
1022 2183 1113 2241 esse,
1139 2180 1240 2247 quam
1263 2180 1286 2227 a
1307 2180 1345 2227 88

252 2264 475 2339 nominentur,
490 2263 642 2333 Curtium
662 2272 784 2344 188888,
804 2265 836 2330 81
859 2264 1029 2349 antiquior
1048 2269 1150 2341 88881,
1164 2262 1251 2326 inter
1271 2280 1344 2341 eos,

253 2382 394 2446 qnorum
421 2364 568 2433 lectione
591 2366 735 2450 juvenes
762 2366 896 2432 dicendi
925 2366 1119 2431 facultatem
1147 2362 1343 2429 confirmare

252 2470 403 2546 possent,
418 2464 479 2529 vix
500 2466 670 2547 potuisset
690 2470 812 2530 tacere.
855 2464 958 2548 Apud
980 2465 1132 2531 Curtium
1152 2479 1201 2527 vr.
1221 2465 1274 2529 11.
1290 2464 1343 2529 18.

254 2562 407 2629 Philotas
418 2562 519 2633 duces
529 2561 725 2644 Alexandri,
735 2566 856 2649 quibus
865 2584 980 2631 coram
988 2564 1345 2651 torquebatur,‘tinom

255 2664 432 2748 questioni
446 2662 531 2743 iore,
544 2684 605 2749 par
624 2664 809 2732 Alexandri
827 2666 969 2733 salntem
979 2666 1113 2751 jurare’
1122 2667 1230 2751 iubet.
1275 2666 1345 2731 Ubi

255 2764 411 2829 Radcrus
425 2765 572 2832 dotavit:
594 2778 654 2853 per
668 2768 798 2849 genium
818 2786 880 2833 sen
901 2765 993 2854 τῷςην
1014 2768 1100 2851 regis
1119 2776 1180 2833 ant
1197 2766 1345 2834 Cmeads

142 2924 147 2934 ,
250 2866 409 2948 iurabant
427 2873 558 2933 votem
577 2867 711 2951 pagani,
733 2886 794 2953 per
816 2867 958 2933 salntem
973 2868 1142 2951 Principis
1156 2866 1346 2944 Christiani,

254 2976 292 3033 nt
307 2968 409 3035 docet
422 2966 556 3035 Tertull.
568 2966 749 3051 Apologet.
763 2986 794 3033 8.
806 2968 862 3034 32.
894 2968 938 3034 ‘J
940 2988 1084 3046 uramus,
1098 2968 1188 3033 sicut
1202 2985 1269 3030 non
1283 2986 1347 3050 per

255 3069 386 3153 genium
398 3066 582 3149 Caesarum,
596 3068 648 3134 ita
663 3088 721 3151 per
741 3068 885 3135 salutem
905 3088 1032 3145 eornm,
1051 3086 1130 3152 qnos
1148 3074 1203 3131 881
1224 3084 1346 3149 augus·

255 3170 322 3235 tior
333 3170 487 3237 omnibus
501 3166 623 3251 gmiiu'
658 3167 782 3235 Arcad
794 3177 830 3234 et
843 3168 1027 3235 Honorius.
1042 3169 1066 3233 1.
1083 3184 1164 3233 xnr.
1197 3165 1283 3232 Cod.
1300 3167 1347 3232 de

255 3270 431 3338 Transact.
464 3276 476 3309 ‘
488 3269 558 3349 Qui
571 3272 704 3337 nomina
717 3276 831 3337 nostra
843 3272 980 3354 placitis
994 3272 1189 3347 1888888188,
1200 3268 1348 3334 sulutem

256 3372 450 3455 Principum
472 3371 756 3439 confirmationem
783 3373 938 3437 initurum
956 3371 1143 3454 juraverint
1163 3389 1239 3435 esso
1264 3388 1350 3452 pec·

255 3472 408 3551 tiouum‚'
420 3476 480 3539 luc·
523 3472 604 3539 lam
625 3473 780 3555 auspicio
802 3472 962 3549 exoritur,
979 3472 1088 3555 quarti
1108 3470 1226 3536 sacculi
1239 3471 1350 3537 fuisse

256 3573 417 3650 Curtium,
431 3582 465 3641 81
487 3574 630 3641 sortasse
655 3572 891 3640 Christianum.
940 3574 1013 3639 Noc
1034 3574 1107 3637 sine
1130 3590 1248 3649 88888,
1263 3572 1294 3637 si
1310 3580 1351 3638 81

255 3674 329 3743 haec
358 3674 632 3741 consideraveris.
688 3674 784 3741 Nulli
819 3674 1011 3758 imperatori
1044 3674 1247 3756 superstitio,
1275 3692 1352 3755 qus

255 3776 402 3842 maxime
418 3774 590 3841 multitudo
606 3776 737 3857 regitur,
750 3775 946 3857 negligenda
960 3783 1031 3855 est3
1043 3793 1122 3855 ergo
1134 3779 1169 3839 81
1177 3775 1220 3838 ub
1236 3772 1352 3839 Alex-

258 3876 360 3945 andro
374 3878 410 3941 in
424 3875 543 3958 quavis
564 3894 600 3940 re
623 3875 677 3940 881
698 3876 889 3957 magnevol
908 3874 1011 3939 dubia
1025 3880 1121 3938 88188
1133 3871 1353 3955 haruspices·

256 3996 322 4062 que
346 3977 707 4057 consulebantn13ncc
730 3976 911 4059 quicquam
935 3974 1103 4039 solenuics
1125 3977 1196 4038 erat
1218 3973 1254 4038 in
1273 3972 1353 4043 Ra·

255 4078 391 4162 publica
405 4076 561 4145 Romana
582 4084 618 4143 81
643 4078 705 4143 881)
719 4076 834 4161 primis
855 4074 1128 4159 Imperatoribus.
1171 4070 1352 4151 Quantum

257 4198 340 4247 vero
368 4177 506 4247 Curtius
530 4176 758 4245 Alexandrum
786 4176 972 4261 indignatur
996 4181 1094 4243 88188
1122 4174 1356 4258 commisse,
