2925 4867
237 387 302 454 138
635 399 666 450 s.
690 397 944 448 incrusurum

181 607 186 610 ,
236 543 360 610 Darium
373 539 553 621 perfugerat,
566 541 716 602 occubuit
760 542 806 600 la.
829 538 1029 600 Macedonum
1052 557 1113 600 non
1127 539 1248 619 quidem
1262 537 1334 599 ultra
1459 558 1460 569 ¹

236 638 367 702 sedecim
391 637 549 718 perierunt,
562 635 618 698 sed
643 635 769 698 trecemi
788 636 880 698 ferme
894 635 1041 697 uulnerati
1065 647 1154 704 eunti
1176 636 1248 716 qnia
1266 653 1334 696 noe·

236 747 324 799 turoa
344 751 446 814 pugna
472 733 697 813 sacrataeque
723 731 867 794 aduersus
894 751 993 794 caecos
1021 735 1098 794 ictus
1121 743 1153 792 et
1176 731 1335 792 hrcidant'n

237 830 590 910 temeretelaquioquam
612 831 686 890 satis
703 827 850 910 provideri
875 837 1023 908 potuerat.
1069 831 1115 888 13.
1138 828 1336 908 Pertalirpsst

237 927 346 988 deinde
360 925 436 994 dies,
450 925 523 984 levis
537 937 570 986 et
582 925 698 987 ludicra
710 945 759 988 rea
774 923 888 1004 ingenti
903 924 1056 986 certamini
1067 943 1190 988 m
1201 923 1336 1004 pabuli,

238 1033 304 1084 orto
323 1021 409 1084 initio
422 1040 441 1080 a
455 1021 572 1083 duobus
585 1022 731 1084 veteranis
745 1040 783 1082 ex
798 1019 950 1082 Perdiccas
960 1020 1103 1102 agn'w
1145 1019 1169 1078 li
1181 1019 1338 1080 contuber-

238 1120 322 1180 nales
336 1138 404 1180 cum
417 1129 530 1191 essem,
543 1137 663 1196 uaeque
674 1117 765 1197 genio
776 1115 985 1189 ‘indulsiusot
999 1127 1035 1176 ut
1047 1119 1081 1178 tit
1100 1116 1175 1176 inter
1188 1133 1338 1176 sermones

236 1213 408 1286 familiares,
416 1214 565 1294 jactantia
582 1213 702 1274 militari
721 1231 780 1274 sna
804 1212 890 1272 fortia
904 1213 985 1274 lacta
1006 1213 1135 1274 vicissim
1154 1211 1338 1284 extollentes,

238 1311 375 1372 altercari
389 1321 548 1390 ceperant,
562 1321 627 1370 nter
640 1309 726 1370 alteri
751 1308 965 1376 anteferreturr
990 1312 1038 1368 14.
1059 1329 1126 1370 curn
1141 1308 1216 1368 alter
1229 1327 1339 1379 eorum,

238 1405 336 1485 ‘quid
359 1405 440 1467 inani
463 1406 588 1487 strepitu
608 1406 763 1466 uerborum
786 1405 932 1466 t‘oedamus
956 1405 1194 1467 honestissimam
1219 1414 1341 1464 conteu-

209 1549 213 1556 .
239 1503 351 1564 donem
362 1500 385 1559 i'
402 1503 517 1582 inquit:
540 1510 624 1564 ‘noa
638 1502 688 1564 cui
707 1503 822 1582 lingua,
837 1501 891 1563 sed
906 1501 954 1563 cui
980 1501 1085 1562 dextra
1097 1499 1138 1560 sit
1150 1499 1265 1572 melior,
1285 1498 1341 1559 boc

239 1598 354 1678 agitare
375 1611 407 1660 et
419 1598 508 1660 adest
518 1600 655 1662 occasio:
676 1617 714 1661 ea
726 1599 836 1679 optime
855 1598 894 1660 da
911 1597 1120 1660 controversiis
1134 1596 1244 1658 nostris
1261 1593 1341 1674 judi·

239 1695 337 1758 cabit:
359 1696 461 1774 age,si
471 1697 513 1756 rir
526 1717 570 1770 es,
582 1707 614 1758 et
625 1707 783 1758 exeuntem
798 1699 941 1776 sequere'
988 1697 1035 1755 15.
1050 1693 1128 1754 Vino
1141 1702 1173 1754 st
1186 1690 1343 1752 ambitione

238 1791 444 1860 incaluerantr
462 1793 562 1871 itaque
586 1793 701 1873 priuato
723 1791 850 1854 consilio
864 1809 947 1852 arms
970 1792 1102 1872 capiunt,
1116 1799 1148 1850 et
1166 1787 1205 1847 ad
1232 1805 1341 1858 muros,

236 1888 323 1966 juxta
336 1906 434 1949 arcem
447 1908 515 1968 ques
531 1889 674 1969 Mylantia
688 1890 814 1952 obversa
837 1897 893 1962 est,
908 1896 1077 1948 excurrunt.
1119 1885 1234 1945 Horum
1252 1895 1344 1943 teme·

229 1982 329 2044 ritate
348 1983 565 2057 animadversa,
580 1985 680 2046 statim
703 2003 741 2044 ex
765 1983 877 2065 oppido
902 1983 1009 2063 globus
1022 1982 1151 2042 hostiurn
1174 1979 1345 2040 effunditur.

242 2077 290 2141 illi
300 2080 418 2140 firmato
433 2080 528 2160 gradu
540 2091 692 2144 certamen
706 2089 887 2140 conserunt:
901 2079 1022 2159 propius
1038 2077 1222 2136 incurrentes
1237 2075 1346 2156 gladiis

241 2173 404 2254 excipiunt,
416 2177 445 2236 in
460 2176 633 2238 recedentes
647 2175 708 2238 tela
720 2175 899 2255 conjiciunt:
929 2176 975 2236 16.
997 2173 1051 2235 sed
1066 2171 1211 2233 adversus
1225 2172 1348 2242 multos,

242 2282 275 2333 et
286 2289 324 2330 aa
333 2263 484 2351 superiore
493 2272 561 2332 loco
569 2271 757 2343 dimicantes,
770 2269 851 2333 haud
865 2269 918 2332 diu
929 2268 1206 2350 impunitsduornm
1219 2267 1348 2329 andacia

242 2365 359 2438 luisset,
384 2366 452 2438 nisi,
478 2379 641 2447 conspecto
667 2367 801 2446 ipsorum
827 2364 969 2446 periculo,
996 2365 1232 2426 commilitonum
1259 2365 1349 2444 pauci

242 2463 348 2544 primo,
372 2461 482 2523 deinde
504 2463 554 2523 alii
580 2472 670 2542 atque
690 2462 741 2525 alii
764 2461 966 2522 laborantibus
991 2461 1219 2522 subvenissent:
1242 2461 1351 2522 andern

242 2557 333 2620 modo
347 2567 379 2620 et
390 2557 547 2638 oppidania
561 2557 688 2620 subinde
699 2557 739 2620 ad
748 2559 846 2620 locum
854 2558 905 2618 ubi
916 2559 1106 2638 pugnabatur
1117 2557 1353 2618 confluentibus.

247 2658 295 2718 17.
317 2656 364 2716 lta
377 2675 457 2716 nunc
477 2655 536 2729 hia,
550 2675 632 2716 nunc
650 2653 708 2716 illis
721 2656 828 2715 robore
848 2673 1031 2732 numeroque
1045 2653 1256 2732 superioribus,
1271 2655 1354 2716 sarie

242 2762 407 2832 pugnatum
423 2761 486 2819 est;
507 2754 604 2812 donec
618 2750 799 2824 Alexander,
811 2768 878 2811 cum
897 2769 987 2812 manu
1001 2771 1068 2828 quoe
1084 2749 1162 2810 circe
1175 2749 1274 2828 ipsum
1288 2761 1354 2811 erat

245 2864 434 2926 progressus,
446 2855 558 2906 metum
577 2846 714 2907 hostibus
738 2847 876 2918 incussit,
890 2845 1049 2925 statimque
1072 2845 1149 2907 intre
1168 2847 1357 2908 munimenta

243 2941 389 3021 compulsi
399 2953 490 3004 sunt:
511 2961 567 3004 nec
580 2943 705 3004 multum
720 2943 827 3017 abfuit,
840 2944 911 3023 quin
927 2942 1028 3005 hostes
1040 2941 1130 3003 simul
1145 2942 1357 3022 irrumperent.

247 3039 296 3098 le.
319 3037 407 3098 Forte
420 3039 499 3098 eninr
519 3039 642 3100 intentis
654 3038 793 3102 omnibus
814 3041 844 3101 in
858 3059 896 3102 aa
916 3059 985 3119 qnia
999 3050 1069 3100 ante
1084 3039 1184 3098 urbem
1205 3041 1358 3117 gereban-

243 3143 302 3208 tur,
325 3135 433 3194 moania
454 3135 640 3216 negligenter
662 3137 773 3198 serrari
797 3137 984 3216 contigerat:
1014 3145 1046 3196 et
1068 3133 1138 3194 dum
1162 3145 1257 3195 turres
1283 3153 1359 3196 curn

244 3230 407 3292 commenti
421 3251 570 3292 murorum
584 3244 670 3311 parte
683 3233 793 3294 crebris
806 3233 931 3294 arietum
945 3232 1053 3294 ictibus
1066 3241 1219 3292 cesserant
1233 3250 1242 3298 t
1264 3232 1362 3291 tertia

245 3345 364 3406 quoque
378 3325 478 3388 laxata
486 3327 549 3408 jam
562 3338 595 3390 et
607 3347 758 3390 concussa
772 3347 928 3409 compage,
950 3326 1131 3388 fodientibus
1145 3325 1227 3386 haud
1242 3327 1271 3386 in
1286 3326 1362 3386 lon-

245 3441 317 3501 gum
337 3424 475 3484 resistere
499 3425 655 3502 potuisset.
702 3429 749 3488 19.
771 3426 813 3486 At
831 3424 903 3505 quis
915 3423 1139 3485 tumultuarium
1152 3421 1182 3481 id
1205 3422 1362 3501 praelium,

245 3536 342 3595 neque
355 3518 510 3578 universus
529 3520 677 3581 exercitus
699 3521 862 3582 instructus
888 3519 994 3593 iuerat,
1007 3518 1215 3600 opportunitas
1229 3519 1293 3598 ejus
1311 3523 1364 3580 rei

245 3634 263 3673 c
277 3611 412 3673 manibus
427 3613 537 3675 emissa
550 3625 607 3676 cst.
649 3619 700 3678 20.
721 3617 901 3689 Alexander,
915 3634 1085 3697 quanquam
1098 3634 1135 3674 ea
1150 3634 1196 3674 res
1210 3613 1367 3694 opinione

245 3709 418 3772 Graecorum
431 3709 470 3769 de
485 3711 607 3772 uictoria
619 3711 812 3775 concedentis
828 3714 997 3784 uideretur,t
1016 3729 1141 3790 corpora
1154 3729 1283 3782 suorum,
1302 3716 1369 3791 qui

244 3810 301 3868 sub
315 3806 389 3886 ipsis
410 3806 555 3867 menibus
578 3810 774 3889 oppetierant,
788 3809 916 3871 induciis
934 3807 1092 3888 postulatis
1104 3807 1142 3866 ab
1156 3806 1252 3877 hoste,
1266 3825 1371 3887 repe-

248 3916 320 3974 tere,
336 3920 426 3982 quam
451 3903 606 3977 inhumata
628 3906 776 3968 dimittere
797 3906 910 3968 maluit.
952 3908 1002 3965 21.
1024 3903 1137 3982 Atqui
1159 3921 1225 3964 cum
1250 3900 1373 3982 Persis

249 4011 344 4070 erant,
373 3997 525 4077 Ephialtes
552 4011 585 4061 et
609 4002 812 4084 Thrasybulus
837 4001 1062 4073 Αι1ιιιιὶιιιιιιιε,Ι
1083 4019 1151 4060 cnm
1175 3999 1240 4078 plus
1267 4001 1374 4078 apud

279 4162 291 4188 ⁸
308 4152 407 4202 Arrian.
418 4167 439 4204 ι.
451 4157 493 4204 22.
851 4163 864 4199 s
883 4151 961 4202 Diod.
974 4154 990 4202 1.
1002 4155 1019 4203 l.

280 4227 290 4260 ¹
302 4227 399 4280 iussin.
410 4241 448 4278 vr.
460 4235 484 4279 t.
496 4228 540 4278 tin.
