2925 4867
252 388 296 453 12
663 404 944 454 110110011111

253 548 394 630 recepit.
438 544 518 612 Vid.
548 565 583 612 v.
608 548 689 615 (1.9.
736 564 777 612 x.
798 549 855 613 ro.
876 547 908 611 5.
929 552 962 609 et
977 547 1115 629 passim.
1159 546 1356 625 Quinetiam

254 651 330 731 ipse
345 656 472 717 tautam
487 650 580 714 illum
596 652 869 734 componentium
881 658 1016 712 uetusta
1027 668 1132 711 rerum
1144 657 1356 713 monumenta

256 751 312 816 vel
334 753 561 829 securitatem,
580 752 634 815 vel
659 772 720 835 par
741 752 817 815 buic
841 752 972 827 sitium,
996 749 1233 825 credulitatem,
1253 751 1357 814 demi·

256 872 333 917 raus
349 853 485 937 ingemit
501 870 556 917 111.
571 856 604 918 5.
617 854 671 919 21.
705 851 861 917 Ceterum
875 853 980 917 multa
994 850 1132 916 Curtius
1146 871 1166 915 e
1181 850 1355 915 Clitarebo

255 955 412 1019 hausisse
426 954 571 1019 ridetur.
601 953 684 1019 Vid.
700 970 757 1020 rx.
768 956 802 1017 5.
814 954 869 1018 21.
885 959 919 1017 et
934 968 988 1015 tx.
1002 953 1034 1016 8.
1053 953 1105 1016 lo.
1148 953 1258 1017 Simul
1277 972 1356 1017 vere

255 1056 391 1121 minime
413 1056 543 1139 sprevit
561 1054 791 1121 Ptolemaeum.
835 1053 917 1119 Vid.
935 1053 1087 1117 11112.
1107 1052 1200 1129 (0011.
1225 1051 1355 1117 Arriae.

258 1169 316 1221 111.
342 1157 396 1223 17.
417 1155 491 1237 tin.)
512 1161 546 1222 et
561 1172 618 1221 rx.
636 1160 668 1222 5.
683 1158 737 1223 21.

300 1258 395 1324 Hinc
414 1257 572 1341 colligere
594 1276 781 1342 possumus
796 1257 954 1322 Curtium.
962 1257 1098 1340 quidem
1113 1258 1306 1340 neutiquam
1322 1256 1356 1319 id

258 1361 441 1442 egissent
463 1361 649 1427 Historiam
670 1364 831 1439 criticam,
852 1379 954 1444 quam
979 1367 1111 1430 vocant,
1133 1366 1359 1442 componeret,

258 1462 320 1528 sed
335 1468 381 1541 ut,
397 1482 475 1549 quae
496 1462 620 1529 traditu
639 1470 754 1528 essent
775 1465 819 1527 ab
840 1463 1045 1540 auctoribus,
1059 1480 1193 1527 amoena
1206 1462 1357 1526 oratioue

258 1572 442 1643 renovaret,
457 1570 559 1649 atque
574 1567 621 1629 itu
645 1564 790 1629 lectores
815 1570 946 1627 teneret
968 1582 1010 1627 ac
1032 1563 1212 1627 delectaret
1235 1563 1361 1646 potius,

257 1684 358 1751 quam
379 1666 524 1731 doceret.
570 1664 691 1749 Neque
706 1667 757 1731 ita
770 1664 966 1731 incredibile
983 1670 1046 1743 est,
1062 1664 1152 1747 qued
1170 1666 1242 1749 jum
1263 1663 1360 1729 Peri·

258 1768 378 1832 nonius
402 1766 496 1845 vidit,
518 1765 669 1831 Curtium
690 1766 777 1832 hauc
802 1768 1017 1851 potissimum
1041 1786 1086 1830 ex
1109 1767 1255 1850 antiquis
1275 1764 1362 1831 sele·

258 1870 351 1953 gisae
369 1868 568 1947 Historiam,
584 1888 686 1952 quam
702 1870 824 1933 Labeo
847 1876 1069 1951 exequeretur
1093 1886 1255 1942 sermone,
1281 1868 1363 1951 quia

259 1971 395 2035 sublimi
420 1971 509 2055 stylo
535 1978 571 2035 et
592 1970 750 2036 oratoriis
770 1970 1021 2035 narrationibus
1037 1970 1202 2036 videretur
1215 1970 1361 2033 maxime

259 2080 459 2157 opportuna.
504 2072 607 2151 Quod
623 2092 705 2139 vero
720 2074 812 2139 baud
834 2072 959 2157 injuria
981 2072 1064 2135 vitio
1085 2070 1219 2135 vertitur
1233 2069 1362 2144 Curtio,

258 2182 320 2252 est,
335 2174 428 2258 qnod
442 2174 555 2253 multa,
572 2164 650 2259 qum
664 2178 698 2240 iu
713 2194 815 2259 opere
825 2174 860 2239 H
864 2174 1003 2239 istorico
1019 2192 1107 2254 tegre
1120 2170 1361 2248 desideramus,

259 2294 378 2359 pamm
393 2278 568 2355 curaverit,
589 2284 623 2344 et
643 2279 693 2343 sic
717 2297 751 2341 v.
764 2296 795 2341 c.
817 2282 973 2340 unnoset
988 2280 1217 2355 tempestates,
1238 2274 1363 2356 quibus

260 2377 389 2460 singula
413 2384 511 2459 gesta
534 2379 614 2457 siut,
637 2398 807 2463 nusquam
822 2375 1003 2442 addiderit.
1047 2374 1118 2439 Sed
1131 2372 1213 2458 qnid
1229 2374 1360 2452 mimm,

261 2478 350 2561 quod
367 2478 557 2545 Historiam
571 2480 722 2558 bominis,
737 2481 797 2564 qui
814 2480 891 2563 ipse
913 2498 960 2555 se,
982 2496 1085 2562 quem
1108 2495 1225 2541 omues
1247 2476 1364 2559 Scrip-

259 2585 349 2645 tores
365 2588 458 2646 tnnto
473 2582 549 2647 uisu
567 2590 602 2646 et
621 2585 753 2666 impetu
775 2586 1013 2666 portentosum
1035 2578 1266 2656 reddiderant,
1289 2586 1361 2643 tau·

262 2700 364 2765 quam
381 2680 557 2747 Fabellam
574 2682 824 2748 Romanensem
841 2688 1011 2757 tractaret,
1027 2687 1063 2745 et
1076 2700 1185 2763 neque
1202 2684 1256 2753 rats
1276 2682 1365 2758 βασι·

262 2781 352 2856 λείους
366 2781 535 2869 teqplplaq
549 2784 739 2867 inspiceret,
753 2802 860 2868 neque
877 2784 1031 2849 Battonis
1046 2802 1087 2847 ac
1104 2782 1260 2865 Diogneti
1276 2782 1365 2845 erat·

263 2884 332 2965 μοὺς
352 2888 401 2961 τῆς
420 2879 604 2972 Ἀλεξάνδρου
630 2883 754 2971 πράως,
777 2892 938 2967 tanquam
961 2884 1096 2949 adrem
1124 2903 1220 2949 suam
1247 2903 1364 2968 parum

261 2986 432 3065 facientes,
448 2989 661 3052 consuleretl

299 3086 387 3166 Quae
397 3090 511 3155 omnia
520 3090 550 3153 si
559 3090 642 3153 bene
655 3090 783 3174 riteque
794 3096 1010 3173 reputassent
1022 3087 1272 3172 reprehensores
1281 3088 1365 3155 Cur·

264 3191 303 3256 tii
314 3190 444 3275 justius
458 3188 609 3273 profecto
620 3192 817 3259 statuissent
825 3211 866 3257 ac
873 3190 1097 3274 judicassent,
1108 3210 1210 3273 quam
1222 3190 1364 3255 subinde

263 3291 460 3358 factumest.
491 3292 585 3356 Nihil
598 3300 710 3358 tamen
719 3293 881 3376 iniquius,
892 3291 975 3356 nibil
984 3292 1167 3374 indignius,
1177 3291 1259 3355 nibil
1271 3312 1364 3357 acer·

264 3392 341 3457 bius
363 3394 492 3458 dictum
507 3386 569 3469 est,
599 3412 699 3475 quam
723 3412 802 3477 quas
816 3393 875 3460 Jo.
892 3394 1044 3459 Clericus
1058 3394 1093 3455 in
1110 3391 1249 3458 11111010
1262 3393 1305 3457 de
1319 3393 1365 3472 Q.

263 3492 382 3558 Curtio
394 3494 539 3576 protulit.
576 3494 644 3558 Sed
658 3497 741 3560 satis
751 3502 866 3563 notum
877 3506 928 3560 est
942 3493 1111 3560 Clericum
1124 3502 1207 3561 aestu
1220 3496 1366 3578 quodam

264 3593 390 3674 ingenii
400 3600 435 3658 et
444 3593 763 3662 acerbitatenaturae
772 3597 947 3680 abreptum
957 3601 1136 3661 censuram
1147 3596 1288 3661 libenter
1296 3604 1367 3663 stu·

262 3694 1369 3782 diosequeiualiosexercuisse,uequeoptimocuiquepepercisse.

263 3794 454 3877 Scripserat
479 3793 531 3859 vir
556 3795 618 3859 iste
642 3795 760 3862 Artem
781 3818 878 3863 suum
894 3798 1069 3875 Oriticam,
1085 3818 1305 3883 normamque
1322 3801 1369 3867 ibi

264 3904 426 3979 posuerat
440 3897 646 3972 acerrimam,
661 3918 729 3982 qua
745 3920 843 3965 omne
861 3900 1026 3985 judicium
1044 3901 1132 3965 toret
1146 3900 1368 3982 dirigendum,

263 4004 309 4072 et,
334 4003 372 4060 ut
393 3996 592 4075 ostenderet,
615 4018 759 4083 quanam
782 4005 911 4067 ratione
937 4022 1080 4067 examen
1102 4003 1252 4067 criticum
1273 4005 1369 4068 insti·

265 4097 422 4162 tuendum
445 4106 543 4177 esset,
570 4098 613 4177 Q.
629 4099 739 4167 Curtii
761 4102 1056 4188 materiamque
1076 4104 1160 4169 sorte
1173 4103 1218 4168 ad
1233 4124 1369 4172 manum

263 4203 364 4279 esset,
389 4201 431 4264 ad
458 4202 589 4284 regulus
616 4205 833 4291 praescriptas
855 4205 976 4289 exegit.
1022 4204 1117 4272 Casu
1140 4206 1227 4272 enim
1251 4206 1368 4273 Curtio
