2925 4867
246 357 318 421 ala·
467 373 501 430 o.
524 370 657 420 cuarrr
682 371 773 421 nurr
800 369 965 422 uru.·v11.
988 371 1070 419 cnr.
1091 357 1124 421 2.

247 515 434 599 ‘primores
448 534 563 581 eorum
577 518 750 582 intromitti
763 517 772 543 ’
781 517 891 600 jubet,
905 517 1085 600 literaeque
1098 516 1186 597 regis
1207 516 1346 600 scriptas

246 616 291 681 ad
305 618 431 687 milites
449 618 578 692 recitat,
596 619 719 701 quibus
747 599 904 684 ‘insidiae'
926 618 1157 682 Parmenionis
1174 618 1210 680 in
1231 637 1350 698 regern,

247 737 434 803 precesque
459 724 495 782 ut
515 718 626 803 ipsum
640 719 870 798 vindicarent,'
893 720 1160 784 continebantur.
1205 720 1263 783 31.
1289 718 1351 800 Igi-

246 826 298 885 tur
322 821 459 902 cognita
483 822 572 901 regis
601 820 785 897 voluntate,
812 840 878 883 nou
908 819 1043 903 quidem
1069 820 1273 901 indignatio,
1296 819 1351 883 sed

245 928 355 986 nmen
370 922 493 987 seditio
514 940 710 1004 compressa
735 926 797 985 est.
839 920 996 1003 Dilapsis
1012 921 1164 1002 pluribus
1181 920 1289 1001 pauci
1305 940 1351 983 re-

247 1030 450 1100 manserunt,
466 1023 535 1105 qui,
559 1022 699 1086 ‘saltem
724 1028 763 1085 ut
784 1040 909 1104 corpus
934 1023 1044 1103 ipsius
1059 1021 1201 1103 sepelire
1215 1022 1351 1103 permit-

248 1124 377 1201 terent,’
406 1126 637 1207 precabantur.
681 1122 735 1188 32.
764 1122 832 1187 Diu
859 1122 894 1186 id
916 1130 1074 1203 negatum
1100 1128 1163 1198 est,
1191 1121 1351 1185 Cleandri

248 1235 351 1303 metu,
375 1225 443 1289 nes
461 1224 640 1289 offenderet
665 1244 798 1305 regem:
822 1225 1028 1308 pertinacius
1043 1224 1164 1289 deindo
1182 1224 1352 1308 precauti-

248 1327 325 1403 bns,
337 1327 508 1392 materiem
522 1327 804 1419 consternationis
827 1325 1084 1391 subtrahendam
1108 1332 1214 1402 ratus,
1238 1326 1352 1408 capite

249 1426 367 1491 deciso
382 1435 534 1492 truncum
548 1427 682 1491 humare
704 1428 876 1511 permisit:
900 1426 943 1491 ad
966 1446 1077 1509 regem
1092 1434 1197 1508 caput
1210 1428 1352 1491 missum

250 1536 313 1593 est.
356 1528 410 1593 33.
435 1528 506 1593 Hic
534 1530 646 1595 exitus
670 1527 901 1593 Parmenionis
927 1527 1002 1603 fuit,
1033 1528 1164 1592 militiae
1195 1526 1356 1611 domique

250 1630 334 1695 clari
358 1630 432 1694 viri.
475 1628 585 1694 Multa
609 1630 681 1694 sine
703 1650 780 1713 rege
805 1646 977 1713 prospere,
1003 1648 1062 1692 rex
1089 1630 1162 1693 sina
1186 1630 1249 1693 iilo
1272 1630 1353 1693 nibil

249 1750 382 1813 maguae
397 1733 445 1795 rei
459 1736 629 1812 gesserat:
651 1730 844 1794 felicissimo
859 1731 929 1811 regi
952 1738 985 1794 et
1006 1731 1118 1795 omnia
1142 1730 1186 1795 ad
1208 1732 1353 1796 fortuna

242 1851 323 1897 suaa
337 1832 485 1913 exigenti
506 1832 642 1894 modum
664 1832 749 1895 satis
767 1829 883 1894 fecit!
907 1846 1003 1899 exat.
1019 1838 1118 1895 natus
1135 1852 1241 1896 anuos
1253 1834 1354 1916 jure-

249 1928 323 1996 uis¹
345 1931 441 1997 ducis
462 1940 497 1997 et
510 1951 605 2015 sepe
622 1934 724 1998 etiam
738 1933 880 2015 gregarii
896 1933 1010 1997 militis
1025 1934 1141 1997 munia
1154 1934 1311 2015 explevit
1322 1936 1356 1999 τ’

250 2052 330 2099 acer
351 2032 512 2113 oonsilio;
537 2052 639 2097 manu
662 2039 836 2113 strenuus;
868 2053 969 2099 carus
994 2034 1224 2116 principibus;
1252 2036 1354 2119 vulgo

249 2134 395 2199 militum
423 2134 605 2216 acceptior.
649 2135 703 2199 34.
727 2134 816 2199 Haec
842 2135 1032 2218 impulerint
1060 2134 1156 2199 illurn
1186 2135 1229 2199 ad
1262 2138 1355 2219 regni

251 2235 482 2317 cupiditatem,
498 2254 542 2299 au
556 2243 680 2300 tautum
696 2240 890 2317 suspectum
904 2234 1054 2311 fecerint,
1070 2237 1197 2318 ambigi
1211 2244 1332 2320 potest
1344 2258 1353 2315 ;

252 2337 335 2420 quia
362 2333 516 2400 Philotas
546 2337 672 2402 ultimis
702 2337 907 2423 eruciatibus
932 2338 1044 2403 victus
1073 2356 1193 2402 verane
1221 2337 1355 2415 dixerit,

278 2549 296 2593 Ι
309 2552 379 2608 Quod
389 2555 484 2605 tiernet
496 2557 621 2619 Cleander,
630 2571 670 2617 ae,
678 2560 719 2618 ise.

283 2624 298 2658 Ι
315 2618 365 2673 Qui
374 2633 413 2669 ree
422 2635 501 2670 necnee
509 2621 600 2669 wlebet
611 2636 660 2669 erra
669 2619 800 2681 selieitntir
813 2620 976 2681 mentimini*
982 2622 1129 2685 respondere.

285 2678 298 2711 ⁸
314 2682 396 2747 Μαι·
406 2686 496 2734 ordinis
506 2686 609 2734 militm
619 2685 725 2749 impleuit
738 2684 822 2748 micio.

253 2924 321 2969 rent.
334 2920 392 2970 Pel.
404 2924 429 2970 1.
442 2920 511 2971 Dan.
530 2920 591 2971 ΑΜ.
607 2930 636 2972 et
654 2924 723 2973 bier.
741 2924 833 2987 priores
848 2938 935 2973 eumen
970 2924 1086 2974 Floreat.
1108 2924 1182 2976 beid.
1194 2928 1274 2977 Voss.
1285 2932 1309 2977 l.
1327 2936 1358 2979 et

252 2984 545 3045 Danielemittijrtbet.
579 2988 771 3049 disculptum
781 2988 986 3037 uindicaret-³1
1005 2988 1075 3037 Mer.
1092 3004 1134 3037 nee
1144 2990 1246 3052 quiden.
1282 2992 1358 3041 Pitb.

253 3049 296 3095 eed
316 3052 400 3098 stertire
417 3050 511 3099 reditio.
553 3052 626 3100 Voce.
639 3056 664 3101 2.
681 3052 795 3115 Deluprie
812 3052 919 3115 plurim
936 3052 1006 3113 puerei
1024 3068 1074 3101 rene
1089 3052 1226 3117 baaoennt,
1242 3056 1296 3117 qai,
1313 3060 1358 3119 be.

252 3112 362 3161 Tbeoer.
370 3114 464 3175 sepeliri
473 3115 710 3175 permitterent-82
720 3115 881 3165 Membrana
895 3114 975 3163 Medii
985 3132 991 3164 ε
1007 3116 1123 3165 clarem
1134 3125 1260 3168 metente.
1280 3121 1363 3169 Vuae.

252 3178 278 3225 2.
289 3175 436 3239 &crederent
444 3189 533 3236 regere.
567 3180 638 3229 Pittr.
651 3178 747 3228 Fenrb.
757 3188 786 3228 et
795 3179 854 3229 edd.
865 3180 953 3243 vulgg.
964 3187 1026 3228 aute
1039 3180 1155 3233 Freineb.
1163 3186 1291 3232 mnia-
1299 3200 1359 3233 een-

252 3241 414 3291 eterrrett'euie.
449 3242 563 3292 Florent.
578 3244 678 3293 omittit
693 3250 728 3292 eet
746 3252 806 3307 port
822 3245 992 3293 ram-at
1009 3244 1086 3293 Voss.
1105 3249 1130 3294 2·
1148 3246 1198 3302 eri
1208 3249 1286 3296 naa·
1302 3250 1359 3298 eine

253 3307 368 3367 regem.
401 3305 645 3357 Florenteirreelio.
690 3307 806 3357 florent
819 3307 924 3357 beldet
933 3307 1007 3356 Voss.
1021 3312 1083 3356 Η.
1099 3311 1262 3359 ιιιιόοιυιὶα.
1284 3314 1360 3363 Pitb.

252 3367 381 3425 satisfecit.
415 3369 491 3418 Leid-
503 3370 579 3419 Voee.
592 3375 615 3419 l.
625 3376 650 3421 a.
667 3372 737 3420 Dan.
747 3381 774 3421 et
791 3370 874 3435 Βοῦς.
891 3371 1002 3421 militina
1022 3386 1069 3434 pro
1083 3374 1180 3430 membr
1206 3374 1279 3425 bier.
1297 3378 1360 3425 Cot.

252 3428 314 3479 Bae.
327 3431 403 3481 Frob.
415 3440 442 3483 et
454 3432 515 3484 Ata.
526 3450 622 3484 nemra
628 3452 638 3492 ,-
654 3436 737 3498 Boug.
750 3440 774 3486 l.
787 3436 862 3494 arilia,
873 3443 900 3483 et
910 3448 1041 3497 euperrcr.
1053 3452 1094 3497 arr,
1107 3446 1135 3485 ιιι
1145 3440 1178 3486 eit
1189 3440 1281 3489 πιιιίι
1302 3442 1362 3490 Pro

253 3494 364 3557 explevit,
379 3496 445 3557 quod
462 3505 569 3548 servent
585 3500 678 3548 Venet.
696 3509 725 3548 et
742 3501 808 3549 Mer.
826 3500 938 3563 explicuit
957 3498 1053 3548 babent
1069 3500 1145 3551 codd.
1161 3500 1221 3551 edd.
1232 3502 1291 3553 tera
1301 3521 1361 3555 om-

253 3570 300 3607 ues
311 3567 371 3609 aute
383 3561 566 3613 Pretorio—tt
583 3564 649 3614 Mer.
660 3579 731 3627 quare
742 3564 860 3613 Philotae.
893 3562 998 3613 Medius
1010 3564 1081 3627 legit.
1098 3580 1151 3629 qao
1162 3566 1254 3627 saeta,
1272 3570 1360 3633 lloag.

748 3708 856 3760 NOTAE

287 3813 294 3847 ¹
309 3816 423 3880 devenir]
438 3816 497 3867 Hoe
507 3833 606 3869 comma
618 3821 655 3871 rie
667 3821 780 3885 explica:
822 3835 855 3871 ex
875 3834 954 3886 grege
973 3836 1023 3872 uon
1043 3822 1087 3872 eit.
1119 3820 1275 3886 ‘Gregorii’
1292 3840 1361 3887 ergo

252 3891 601 3956 Septuagiutevixlteun023
608 3897 781 3959 Jrrveuieeuur
822 3897 928 3959 militer,
939 3898 982 3961 qui
999 3898 1032 3963 dle
1048 3898 1124 3961 vulgo
1145 3908 1206 3948 eunt
1225 3901 1359 3961 militem

253 3974 334 4029 esset,
342 3969 428 4019 omnia
442 3969 527 4032 ducis,
543 3986 614 4033 sape
629 3972 707 4022 etiarn
725 3985 782 4035 gre·
824 3974 874 4035 vei,
886 3980 915 4022 ut
926 3974 983 4023 aliie
994 3976 1090 4038 placet,
1102 3974 1146 4039 qni
1159 3976 1230 4026 nullo
1242 3986 1290 4027 eut
1300 3984 1360 4027 exi-

255 4044 320 4103 gerit
339 4046 428 4093 militie
446 4048 534 4095 munia
548 4046 640 4096 obivit.
668 4048 783 4111 ‘Grege
823 4062 873 4111 guo
884 4049 987 4100 delectu
1003 4050 1076 4113 quari
1087 4051 1220 4114 gregatim
1237 4053 1272 4101 ed
1290 4054 1361 4103 miti-

253 4116 320 4164 rine’
332 4118 427 4169 dleitnr
438 4122 482 4183 qui
494 4120 527 4169 de
538 4122 647 4183 ‘grege'
658 4132 713 4183 esu
723 4124 782 4173 buic
824 4126 885 4175 tiam
898 4126 1002 4177 assumti
1014 4132 1082 4176 eunt.

255 4192 394 4252 opponitur
410 4195 565 4256 ‘egregiae'
577 4197 650 4259 quari
661 4198 703 4261 qui
716 4212 782 4248 unae
