2925 4867
376 387 435 438 οι..
458 386 553 438 extr.
575 372 608 439 2.
645 389 682 439 ιι.
705 388 767 438 nu.
789 388 828 439 u.
847 372 923 440 831.
1129 375 1196 445 222

101 534 191 615 gata,
221 530 302 595 inter
326 538 471 597 scarus'
493 538 528 597 et
550 533 714 617 virginum
737 534 881 599 filiarum
905 553 1025 600 :nauus
1042 534 1196 617 collapsa

100 644 184 711 erat,
201 631 321 697 deinde
336 639 371 698 et
389 634 555 699 extincta:
583 634 618 698 id
633 637 743 719 ipsum
756 636 913 701 nuntians
927 636 1018 703 alius
1037 654 1197 720 superae·

99 733 159 796 nit.
202 734 257 798 20.
280 734 324 798 Et
338 752 399 799 rex
410 734 500 798 haud
523 754 633 813 secus,
649 756 751 819 quarn
772 738 803 801 si
824 738 976 820 parentis
990 736 1093 820 [suaa]
1106 754 1195 800 mors

99 834 254 899 nuntiata
273 842 377 912 esset,
396 838 532 900 crebros
546 835 651 902 edidit
664 839 829 920 gemitus:
851 838 1077 921 lacrymisque
1098 838 1196 901 obor-

99 933 156 1012 tis,
178 936 296 1018 quales
324 936 450 1001 Darius
480 937 696 1019 profudisset,
725 942 761 1003 iu
789 940 1047 1019 tabernaculum,
1068 940 1103 1004 in
1126 958 1195 1022 quc

98 1044 204 1101 mater
230 1041 301 1102 erat
329 1037 438 1116 Darii,
461 1038 621 1105 defunctu
644 1039 804 1105 assidens
827 1041 971 1124 corpori,
992 1040 1096 1106 venit.
1139 1042 1194 1107 21.

99 1136 171 1201 Hic
186 1157 266 1203 veru
282 1147 460 1205 renovatus
481 1148 534 1205 est
547 1160 681 1220 moeror,
697 1149 738 1206 nt
760 1148 964 1225 prostratam
984 1139 1077 1206 humi
1092 1141 1194 1208 vidit:

97 1240 226 1304 recenti
266 1242 357 1306 malo
393 1241 541 1325 priorum
572 1260 707 1327 qnoque
737 1242 930 1320 admonita*
960 1250 1129 1326 receperat
1160 1244 1195 1307 in

96 1344 257 1423 gratiam
287 1343 424 1409 adultas
451 1343 605 1425 virgines,
634 1362 756 1425 magna
777 1344 913 1426 quidem
940 1344 1045 1409 mutui
1070 1344 1195 1409 doloris

98 1444 248 1523 eulatia:
274 1444 333 1508 sed
363 1444 485 1527 quibus
515 1442 591 1525 ipsa
621 1442 754 1508 deberet
782 1463 859 1508 esse
887 1444 1024 1509 solatio.
1078 1444 1195 1509 2211:

98 1552 283 1627 conspectu
313 1552 386 1609 erat
417 1552 549 1629 nepcs¹
579 1546 754 1629 parvulus,
784 1546 830 1610 ob
856 1545 893 1609 id
920 1546 1034 1627 ipsum
1055 1546 1194 1611 misera-

97 1644 190 1724 bilis,
220 1646 308 1729 quod
333 1646 480 1711 noudum
509 1647 677 1711 sentiebat
704 1648 941 1734 calamitatem,
969 1646 1119 1709 maxima
1148 1666 1195 1710 ex

96 1754 195 1829 parte
236 1747 279 1811 ad
314 1748 425 1832 ipsun:
450 1748 701 1812 redundantem.
757 1748 811 1814 23.
842 1746 1013 1825 Crederes,
1044 1746 1196 1812 Alexan·

97 1850 194 1912 dmm
208 1850 294 1912 iuter
315 1868 396 1913 suas
411 1849 696 1913 necessitudines!
718 1848 808 1929 llere,
823 1857 859 1914 et
876 1848 998 1915 solatia
1011 1868 1079 1912 nou
1099 1848 1195 1912 adhi-

95 1950 188 2024 bere,
204 1948 264 2014 sed
279 1968 445 2033 quaerere:
471 1950 549 2015 cibo
572 1957 660 2015 caue
674 1951 851 2016 abstinuit:
873 1967 1072 2033 omnemque
1089 1949 1195 2013 honu-

96 2068 168 2113 rem
191 2051 306 2129 funeri,
329 2050 438 2134 patric
464 2050 641 2115 Persarum
667 2070 769 2127 mere,
785 2037 953 2117 salvarit:
977 2050 1099 2131 dignus
1120 2050 1195 2113 her-

95 2152 185 2231 cule,
200 2154 259 2233 qui
274 2171 361 2217 nuuc
380 2170 513 2237 quoque
527 2159 629 2219 tantm
655 2153 920 2218 mausuetudinis
934 2159 970 2215 et
983 2150 1193 2217 confluentia
1261 2163 1263 2166 ’

71 2242 181 2318 ‘serat
201 2252 355 2319 fructum.
398 2254 452 2319 24.
474 2253 587 2317 Semel
611 2254 746 2317 umninc
772 2272 847 2317 eam
872 2251 1013 2329 uiderat,
1043 2270 1111 2335 quo
1139 2250 1194 2314 die

95 2360 200 2438 capta
211 2362 283 2433 est3
305 2373 366 2420 uec
381 2362 420 2419 ut
431 2356 553 2437 ipsam,
566 2353 626 2418 sed
642 2360 679 2419 ut
694 2352 793 2418 Darii
807 2360 947 2419 matrem
960 2353 1109 2418 videret:
1133 2370 1194 2415 ex·

126 2518 142 2552 ⁸
161 2521 221 2570 cur
231 2536 289 2571 acce
298 2523 421 2571 muudus
426 2521 604 2585 pateritururu
614 2520 728 2571 nubum
738 2520 874 2570 mensur
884 2522 1021 2569 numm.

557 2664 739 2687 emmanu

85 2764 249 2829 filimarum
258 2769 416 2816 muna-20
433 2764 507 2815 Vere.
517 2769 542 2815 2.
553 2780 623 2829 qaum
632 2764 739 2828 pareatis
748 2776 828 2818 secra:
844 2758 960 2810 Floreat.
971 2752 1123 2832 Leidvust.
1134 2758 1159 2803 1.
1167 2758 1193 2805 2.

94 2840 123 2877 et
136 2830 224 2894 Bcug.
235 2846 304 2893 mum
313 2831 335 2878 cl
344 2830 452 2893 pirantis
462 2844 534 2878 meru.
553 2830 629 2880 Voss.
637 2833 661 2878 2.
674 2834 698 2877 et
708 2828 802 2877 miror
812 2825 877 2874 dedit
887 2838 915 2884 g.
925 2824 944 2872 1.
954 2821 1051 2870 aarum
1077 2818 1194 2869 Floreat.

91 2892 175 2942 Laid.
186 2892 261 2943 Voss.
275 2900 298 2943 1.
309 2902 337 2942 et
348 2894 414 2943 Dru.
425 2894 501 2957 qualia
512 2892 613 2943 Darius.
639 2892 708 2941 ritu.
718 2897 794 2940 muer
804 2888 888 2949 Darii,
897 2887 990 2936 omissa
999 2883 1194 2961 :retr-illitu·

90 2957 156 3005 dius
176 2958 213 3006 ric
233 2957 426 3021 distinguimur
443 2962 588 3021 prostratum
607 2956 673 3005 lund
691 2956 764 3013 cidit,
781 2954 872 3003 receati
888 2949 1194 3024 antepenultimarum.

91 3020 240 3085 Receperat,
250 3026 292 3086 isc.
325 3022 404 3071 Vcea.
414 3026 439 3071 2.
449 3022 537 3070 rucrtui
547 3020 709 3070 usura-aa
726 3018 802 3069 Voss.
813 3021 837 3065 2.
855 3016 882 3063 el
892 3016 920 3063 id
928 3012 1079 3063 sammitis.
1110 3012 1195 3074 Bong.

92 3085 173 3134 laeid.
184 3094 211 3134 et
224 3086 296 3135 l'csr.
309 3090 333 3134 1.
346 3090 370 3135 2.
386 3100 418 3134 eu
435 3090 504 3149 purte
514 3086 627 3134 unius.
655 3084 729 3132 Voss.
740 3087 765 3132 2.
776 3082 803 3130 ia
812 3082 963 3142 ipsam-aa
982 3076 1039 3124 Pal.
1052 3079 1075 3124 1.
1085 3084 1114 3123 et
1126 3074 1194 3123 Mer.

90 3150 161 3198 irater
172 3162 229 3198 esur
239 3150 396 3199 accercitum.
430 3150 544 3200 l'lcreut.
555 3150 596 3199 scd
606 3162 631 3197 re
641 3160 757 3211 queres.
782 3146 863 3194 Voss.
873 3147 898 3192 1.
908 3147 983 3190 certa
1008 3140 1086 3215 Vere.
1094 3142 1118 3187 1.
1130 3142 1154 3187 2.
1166 3144 1194 3187 et

89 3212 138 3262 ed.
150 3214 233 3263 Botis.
250 3214 290 3277 qui
301 3230 326 3263 u.
337 3230 362 3277 q.
373 3219 465 3263 turtum
475 3218 499 3261 ct
507 3228 518 3271 ,·
556 3212 639 3276 bugd.
659 3210 744 3261 Amet.
764 3208 878 3258 Freiurh.
895 3205 990 3255 Celler.
1008 3203 1099 3253 Prtirc.
1114 3201 1195 3277 §nah

89 3276 180 3325 Barb.
191 3278 250 3341 Bip.
261 3285 288 3327 et
300 3278 380 3328 Curua.
391 3278 431 3341 qui
441 3294 466 3327 u.
478 3292 503 3341 q.
514 3282 606 3325 turtum
613 3292 622 3335 ,-
648 3274 697 3325 ad.
711 3288 751 3339 pr.
760 3274 857 3322 Veron.
869 3269 958 3319 Maitt.
969 3274 998 3317 et
1007 3267 1071 3317 Tell.
1082 3280 1124 3329 qe:
1134 3280 1160 3313 rr.
1169 3281 1193 3327 q.

88 3346 182 3401 tunm,
200 3350 230 3391 nt
245 3342 316 3405 conj.
329 3342 498 3405 Buugarriue,
518 3338 718 3403 suffragantibus
739 3334 914 3387 Freinshemic
932 3341 1012 3445 argue
1031 3331 1196 3405 tisamenus.

88 3404 147 3455 Alii
159 3421 168 3455 ε
180 3406 221 3469 qai
232 3421 258 3456 a.
269 3424 293 3471 q.
305 3410 456 3456 temeti
473 3404 548 3455 Frob-
560 3406 616 3455 ccl.
627 3403 688 3454 Ald.
700 3398 959 3465 Cultu.quh.l1ug
978 3431 985 3446 .
996 3401 1025 3445 et
1035 3394 1119 3445 Amet.
1131 3394 1195 3443 ude·

588 3530 695 3581 NO'I'AE

122 3662 140 3685 '¹
161 3648 262 3712 Sperne]
282 3647 450 3712 Sisygamlriu
466 3644 555 3696 matris
571 3644 625 3695 lia·
665 3658 697 3694 ac
715 3636 967 3693 ‘necessitudinem'
981 3641 1079 3700 negant
1089 3636 1195 3699 prumia·

85 3733 130 3781 rii.
172 3725 302 3788 suanm]
319 3722 442 3788 Ejusdem
455 3722 542 3786 Regis.
665 3734 713 3770 cue
725 3717 820 3781 accipi,
832 3717 905 3781 qiuari
917 3712 1089 3763 ‘necessitas'
1104 3712 1138 3761 rit
1154 3727 1195 3762 ec·

122 3814 137 3839 ¹
160 3803 253 3867 it'epcr]
282 3800 372 3851 Ocnus
392 3797 468 3848 Darii
487 3796 556 3846 tilius
569 3796 625 3861 jem
665 3795 718 3843 lum
730 3792 767 3842 vir
778 3790 905 3856 quapiam
923 3800 1042 3852 premens
1053 3794 1196 3850 etcogeue,

84 3882 148 3931 fere
162 3876 281 3929 ceteuuir
293 3888 373 3938 puer:
385 3872 483 3939 quippe
492 3871 625 3920 anteduue
664 3863 860 3919 ‘necessitudo’
874 3870 962 3912 autem
978 3863 1015 3910 vir
1030 3860 1147 3926 quadem
1164 3872 1193 3914 et

85 3957 201 4009 circiter
220 3965 302 4001 annas
320 3955 414 4013 captur
431 3946 515 3997 Isalca
530 3961 625 4011 pugne,
665 3938 1130 4001 vinculumreligiuraconjunctionis.
1147 3939 1197 3990 ru-

86 4048 155 4083 cum
174 4042 257 4093 prope
277 4023 398 4075 sexennis
418 4028 496 4085 emet,
518 4020 563 4071 lib.
581 4034 625 4070 ιιι.
665 4025 834 4070 teturtameu
848 4015 856 4041 ⁸
868 4012 1064 4062 necessitatem'
1076 4028 1123 4075 pru
1132 4015 1195 4078 jure

83 4097 150 4172 cap.
167 4108 207 4155 12.
664 4092 799 4158 officioque
821 4090 993 4143 observantia
1011 4088 1195 4160 affinitatisque

119 4192 133 4228 r
149 4172 355 4237 Nccaeuitudiner]
366 4170 627 4224 restituturam.
666 4169 817 4236 infrequens
828 4181 891 4218 esre.

84 4275 153 4325 cap.
167 4261 192 4306 2.
203 4269 247 4305 ecs
257 4250 354 4303 refellit
364 4249 407 4315 qui
418 4250 426 4278 ⁴
436 4244 627 4299 uecessitutem’
