2925 4867
262 424 309 487 to
659 441 688 487 r.
712 438 964 489 ruerusrraurr

265 582 363 641 auimo
377 582 496 643 fortuna
505 580 708 660 responderet,
719 580 879 640 immensae
888 580 1059 659 plemmque
1069 573 1186 637 divitiae
1198 594 1361 656 nonaeque·

263 679 393 739 bantur!
435 682 484 739 ³1.
508 678 604 739 Etiam
613 695 689 757 quoe
701 674 804 757 procui
819 676 933 753 poritoe
946 674 1090 753 praeclara
1099 672 1225 732 eruditio
1237 683 1292 731 aut
1307 673 1361 732 rir-

264 783 313 834 tue
327 773 563 845 commendabat,
583 772 620 831 tir
641 770 775 849 ingentia
795 790 918 831 munera
938 768 1016 830 ultro
1039 768 1137 847 largiri
1153 785 1360 828 consueverat.

265 870 357 949 Igitur
379 879 480 931 tantun
503 887 539 929 ea
562 877 739 945 tempestate
762 864 917 927 doctorum
939 876 1029 946 atque
1042 865 1194 925 intertium
1208 864 1360 924 bominum
1450 941 1451 944 Ἴ

264 974 422 1045 proveatur
437 966 502 1036 tuit,
517 974 551 1023 nt
566 965 613 1023 rix
628 962 689 1023 ulla
711 971 787 1021 cta·
811 962 898 1023 bouir
919 963 1032 1022 artibus
1055 961 1203 1040 copiosior
1223 960 1361 1021 extiterit.

266 1064 315 1123 ³2.
338 1062 441 1121 Solent
454 1062 532 1123 enim
548 1061 668 1139 ingenia
690 1077 846 1138 morerque
867 1060 1008 1139 componi
1026 1058 1066 1117 ad
1091 1058 1255 1137 principum
1279 1074 1361 1115 men·

265 1166 343 1225 tem:
365 1158 519 1238 omniaque
535 1158 595 1217 sere
608 1167 774 1235 temporum
786 1156 940 1216 inclinatio
961 1156 1148 1234 regnantium
1162 1153 1296 1225 infamia,
1316 1152 1360 1211 rel

264 1250 424 1313 decorent.

306 1348 359 1407 tv.
400 1350 426 1407 1.
459 1348 504 1407 Ex
527 1358 659 1409 veterum
685 1347 885 1408 monumentis
908 1345 979 1405 nibil
1007 1344 1182 1407 antebabuit
1209 1344 1362 1416 Romarm·

265 1462 353 1522 quem
364 1462 454 1503 uuum
465 1462 581 1503 omnem
592 1444 779 1523 rapientium,
795 1461 856 1523 qua
867 1443 986 1522 imperia
996 1452 1146 1510 constent,
1157 1440 1268 1519 optime
1282 1458 1361 1499 com·

264 1538 383 1617 plexum
397 1558 463 1599 eane
478 1540 671 1599 autumabat:
687 1540 822 1620 adeoque
830 1558 899 1599 eum
909 1536 991 1599 cordi
1001 1538 1115 1607 babuit,
1125 1548 1160 1596 ut
1169 1536 1279 1594 Graeco
1290 1554 1360 1614 cog-

265 1644 405 1697 nomento
431 1642 568 1697 ‘amator
594 1636 757 1696 Homeri''
787 1636 947 1696 diceretur.
988 1637 1019 1693 2.
1040 1634 1142 1692 Librou
1161 1631 1225 1710 ejue
1249 1650 1362 1710 temper

265 1748 366 1791 aecum
391 1730 464 1791 serre
490 1732 605 1805 nolitne,
624 1732 713 1791 ctiam
732 1751 801 1793 cunt
814 1733 989 1811 quieeceret,
1010 1749 1072 1791 una
1083 1748 1151 1789 cunr
1162 1728 1292 1807 pugione
1308 1728 1361 1787 eub

265 1918 331 1979 licre
346 1921 481 1982 virtutir'
502 1922 667 2001 appellans.
707 1922 894 1985 ‘Achillem'
914 1921 1097 2004 predicabat
1116 1928 1126 1954 ⁴
1141 1917 1268 1991 felicem,
1282 1917 1361 1999 quod

264 2023 379 2076 tantum
405 2017 521 2077 virtutis
550 2037 613 2078 rure
637 2018 822 2096 praeconem·
849 2018 1034 2080 invenirent.c
1075 2018 1118 2077 ³.·
1137 2013 1268 2094 Reperto
1288 2016 1362 2075 inter

266 2110 484 2172 Damascenam
499 2112 632 2193 praedam
647 2112 777 2173 materiae
791 2134 928 2193 curaeque
941 2109 1180 2193 exquiritirrimre
1193 2108 1316 2183 rerinin,
1332 2121 1363 2169 et

265 2205 495 2285 disquirentibue
503 2210 616 2281 amicit,
629 2216 638 2245 ‘
645 2212 766 2289 quinum
774 2211 843 2271 unni
850 2210 1128 2271 convenientissime
1137 2206 1335 2267 dammim
1341 2201 1364 2264 Υ

264 2302 341 2381 ipre,
361 2303 533 2375 ‘Homero‚'
553 2306 659 2385 inquit,
680 2306 896 2380 dedicabimur,
917 2313 972 2365 ‘ut
985 2305 1229 2386 pretioaieeimurn
1240 2302 1364 2362 humani

265 2397 375 2477 ingenii
398 2410 631 2474 monumentum,
655 2402 879 2483 elegantissimo
899 2402 987 2464 etiam
1011 2420 1098 2482 opere
1121 2398 1292 2462 serretur!d
1332 2403 1363 2459 4.

265 2492 340 2553 Inde
354 2494 491 2567 obtinuit,
506 2508 539 2556 ut
555 2497 797 2557 emendatissima
809 2499 907 2577 podtoe
922 2498 1023 2571 editio,
1045 2517 1136 2577 quam
1159 2514 1269 2576 magna
1291 2513 1365 2555 curu

265 2601 487 2668 comparaverat
507 2591 688 2667 Alexander,
709 2602 749 2653 ‘e
770 2594 941 2655 nartheciu'
964 2604 1134 2655 uocaretur:
1154 2592 1263 2673 quippe
1291 2591 1363 2650 ucri·

265 2684 347 2745 nium
360 2684 445 2759 illud,
456 2706 523 2747 cum
536 2688 635 2749 adhuc
650 2690 810 2753 Peraamm
823 2702 913 2763 ercet,
926 2690 1088 2770 unguentis
1108 2700 1139 2749 et
1159 2688 1301 2748 odoribus
1316 2706 1365 2745 aa·

266 2780 418 2841 terrendis
433 2782 601 2845 nutriverat.
643 2790 673 2847 5.
695 2787 826 2855 Quidam
840 2806 979 2867 prorpere
990 2799 1084 2866 gestae
1096 2787 1138 2846 rei
1152 2784 1284 2855 nuutiue,
1294 2802 1363 2845 cum

264 2876 355 2937 citato
365 2895 452 2937 curru
466 2878 505 2937 ad
519 2898 586 2940 eum
601 2882 735 2957 terretur,
752 2881 944 2962 dextramque
966 2883 1137 2962 porrigeret,
1160 2880 1244 2941 vultu
1270 2880 1364 2939 maxi·

266 2990 323 3031 rure
345 2970 561 3035 tentemini
586 2980 773 3057 preferente,
794 2978 893 3049 ‘Quid
916 2978 988 3039 mibi
1011 2980 1199 3038 nuntiaturus
1222 2996 1255 3036 er
1278 2986 1364 3035 tauto

266 3064 375 3146 gaudio
398 3068 541 3149 dignum,’
565 3072 672 3151 inquit,
693 3076 767 3135 ‘nini
789 3074 890 3136 sorana
912 3076 1060 3135 Humerus
1074 3072 1178 3134 revixit
1188 3072 1209 3132 t·
1247 3074 1278 3131 6.
1302 3070 1365 3132 Sed

264 3174 326 3223 tum
348 3183 384 3224 eo
401 3164 464 3243 jam
489 3166 636 3231 felicitatie
656 3183 842 3249 pervenerat,
856 3182 891 3232 ut
902 3171 1115 3252 propemodum
1129 3168 1284 3231 erratiutoe
1297 3168 1365 3248 gin·

265 3258 315 3317 riae
330 3258 399 3319 nihii
414 3260 519 3323 deenen
538 3274 664 3344 putaret,
686 3276 794 3345 praeter
818 3267 958 3328 idoneum
980 3267 1212 3328 buccinatorern.
1251 3266 1365 3323 Crebra

265 3364 363 3415 autem
379 3355 504 3419 lectione
518 3368 613 3421 totum
627 3362 688 3421 iere
700 3361 834 3435 edidicit,
847 3374 881 3424 ut
894 3355 981 3423 nemu
995 3383 1092 3443 neque
1109 3361 1250 3442 promtius
1265 3380 1301 3421 eo
1316 3360 1364 3417 t'a·

264 3450 465 3531 miliariueque
489 3462 640 3528 uteretur,‘
661 3478 759 3537 neque
778 3460 912 3521 exactius
937 3459 975 3521 de
998 3478 1035 3520 eo
1052 3456 1224 3539 judicaret!
1262 3458 1291 3515 7.
1314 3454 1363 3512 Ex

265 3545 401 3605 omnibus
423 3558 522 3608 autem
545 3549 609 3629 ejue
631 3552 810 3615 carminibus
833 3556 958 3617 maxime
982 3556 1127 3637 probabat
1148 3572 1277 3621 vertum,
1300 3570 1365 3629 qun

264 3642 335 3700 boni
349 3640 436 3703 timul
449 3645 642 3724 imperatoria,
656 3650 829 3730 robustique
844 3650 944 3713 militia
958 3651 1063 3712 laudea
1077 3646 1292 3729 Agamemnoni
1306 3648 1363 3706 tri·

264 3737 418 3812 buuntur,¹
451 3759 576 3821 eumque
601 3745 781 3827 praecipuum
804 3747 920 3807 virtutis
945 3748 1181 3817 incitamentum,
1210 3755 1242 3803 et
1269 3742 1363 3803 veluti

298 3896 472 3949 'Pint.Aiex.
483 3914 510 3965 p.
521 3902 577 3951 tut.
865 3904 930 3959 dld.
947 3922 974 3971 p.
986 3910 1043 3958 ott.
1060 3904 1131 3956 Pur.
1148 3904 1220 3955 Hirt.
1237 3904 1299 3954 Nat.
1311 3917 1366 3953 νιι.

296 3972 391 4023 ⁸Ptna
406 3973 484 4026 Alex.
505 3992 530 4040 p.
542 3982 600 4028 nee.
633 3978 727 4029 Cicero
747 3995 794 4045 pro
833 3986 875 4033 22.
891 3982 979 4037 strab.
991 3983 1009 4033 Ι.
1018 3982 1035 4031 Ι.

266 4047 540 4103 ArcbtaPniit.x.tt.
865 4060 994 4110 ‘Luctum
1004 4057 1072 4107 utar.
1082 4054 1163 4105 Mort.
1172 4066 1225 4103 ιιι.
1315 4050 1321 4059 '

298 4122 406 4175 '’Strab.
419 4139 481 4175 ιιιιι.
493 4142 518 4190 p.
530 4132 587 4179 ott.
600 4129 664 4181 edit.
681 4130 793 4183 casaub.
866 4132 878 4165 ἲ
890 4134 961 4183 Pina
976 4134 1010 4183 da
1022 4132 1091 4183 Fert.
1102 4130 1180 4182 Alex.
1191 4130 1239 4181 0r.
1250 4144 1270 4180 ι.

265 4200 385 4249 Enetatb.
396 4201 428 4250 ad
444 4202 475 4251 ll.
488 4208 516 4252 B.
865 4218 878 4255 t
890 4210 999 4261 Homeri
1010 4208 1087 4259 tttan.
1096 4213 1122 4259 Γ.
1134 4210 1191 4257 lta.

243 4290 247 4301 ·
297 4274 476 4329 ‘PiunAIern
489 4292 514 4341 p.
525 4280 583 4329 672.
