2925 4867
253 393 298 460 66
647 404 677 454 ι.
702 402 953 453 ιιιιιιιιιιιιιιι
1057 483 1059 492 Ι

254 549 411 630 diligenter
434 548 511 611 inter
529 566 562 609 re
580 547 746 627 composita
765 545 899 626 proxime
921 544 961 606 ad
984 565 1082 607 rernm
1096 557 1247 626 geatamm
1260 547 1344 625 fidon

253 646 429 707 videbantur
457 644 609 707 accedere.
650 644 681 703 6.
711 641 801 711 Quod
827 642 918 702 etiam
944 652 1163 721 portantem
1179 642 1346 703 elinandri

254 744 327 805 alios
341 742 513 805 Grracornm
527 749 646 801 secutor
667 738 765 812 video,
784 738 896 819 quibua
921 738 1022 818 aliqua
1045 740 1106 799 reri
1130 758 1201 799 cura
1222 739 1299 807 fuit3
1319 752 1346 799 ct

253 859 349 920 nuper
362 860 399 901 ex
413 836 516 900 Sicilia
529 834 705 897 Diodorum.
747 834 900 915 Numqui
923 854 961 895 ex
986 834 1131 895 Romania
1157 836 1286 895 animum
1309 833 1346 895 ad

255 934 418 997 Historiam
431 933 648 1015 applicuerunt,
660 932 681 992 ii
694 932 799 1013 patriir
813 932 901 993 reboo
915 932 1059 1004 contenti,
1072 942 1195 993 externa
1202 931 1347 1011 neglectui

253 1030 402 1093 habuere:
420 1032 491 1111 qnia
503 1028 621 1091 victoria
635 1028 738 1109 populi
751 1037 838 1109 genta
850 1029 1201 1109 componentiburneqne
1211 1027 1346 1107 majestat

254 1147 351 1189 rerum
366 1127 487 1195 deeratr
509 1133 540 1187 et
552 1125 621 1205 plue
635 1124 771 1187 utilitatis
788 1124 916 1185 allatura
927 1124 1101 1186 ridebantur
1121 1124 1153 1183 in
1176 1122 1282 1185 eadem
1303 1144 1347 1185 re·

253 1224 373 1305 publica
386 1222 574 1302 degentibur.
615 1224 645 1283 7.
667 1219 801 1289 Quorum
820 1220 953 1281 rudium
975 1231 1010 1281 ut
1030 1220 1121 1282 laude
1144 1220 1346 1301 dignissimum
1435 1260 1439 1276 .

254 1321 389 1391 arbitror,
403 1318 446 1379 aic
460 1328 543 1379 extro
565 1316 825 1398 reprehensionem
846 1317 909 1377 lore
926 1316 1057 1392 conlido,
1082 1318 1108 1377 ri
1132 1318 1240 1378 nortrir
1262 1319 1347 1378 etiam

253 1414 420 1476 hominibus
434 1413 591 1474 ostendam
613 1433 681 1475 enm
703 1432 815 1493 regem,
838 1412 891 1492 qui
915 1432 994 1474 unna
1018 1414 1149 1474 omnium
1171 1414 1346 1494 mortalium„

254 1512 331 1572 intra
346 1510 549 1572 brevissimum
557 1508 613 1571 oevi
627 1509 768 1590 epatium,
782 1509 941 1589 plurimum
955 1518 1099 1571 terranem
1124 1510 1296 1590 occupavit:
1320 1512 1346 1569 8.

254 1625 316 1685 quo
340 1616 491 1687 appareat,
516 1624 576 1665 non
600 1605 676 1667 forte
697 1624 795 1684 neque
816 1615 927 1667 temere
950 1624 998 1665 reo
1019 1605 1163 1667 humanae
1188 1605 1275 1674 ferri:
1295 1604 1346 1667 aad

253 1702 427 1781 plerumque
441 1702 588 1761 fortunam
603 1720 657 1781 pro
675 1700 829 1769 moribus:
850 1720 949 1779 neque
963 1699 1132 1761 diuturnam
1146 1722 1213 1763 erre
1228 1701 1348 1763 felicita·

254 1810 325 1870 tem,
352 1818 420 1877 quae
446 1798 554 1858 virtute
580 1796 770 1857 destituatur.
811 1798 842 1859 9.
871 1798 966 1877 lgitrrr
985 1797 1186 1858 Alexandrum
1214 1799 1347 1859 omnibns

254 1893 366 1973 ingenii
393 1893 578 1972 fortuneque
600 1892 719 1955 dotibus
745 1893 864 1954 abunde
889 1903 1010 1952 auctum
1037 1905 1231 1974 ornatumque
1258 1894 1349 1954 iniere

254 1989 413 2069 comperio,
427 1989 534 2069 quibua
549 1987 670 2049 fatalem
683 1998 777 2049 tantm
790 1987 933 2067 potentiae
947 1988 1041 2047 virum
1060 1990 1216 2068 oportebat
1235 1989 1348 2051 instrui.

255 2084 360 2147 Genua
370 2086 406 2146 ab
422 2084 551 2145 Hercule
565 2081 737 2166 repetebant
751 2082 954 2145 Macedonum
967 2092 1084 2165 regere¹
1095 2084 1252 2166 Olympiae
1263 2086 1350 2146 Alex·

255 2181 341 2241 andri
354 2194 447 2241 mater
459 2181 545 2242 initia
566 2200 629 2241 rum
648 2179 746 2259 gentio
769 2178 808 2240 ad
828 2178 974 2239 Achillem
987 2179 1139 2241 referebat
1185 2175 1232 2241 ΥΟ.
1254 2178 1350 2242 Puero

252 2296 353 2357 neque
368 2277 561 2338 incitamenta
574 2275 768 2354 exemplaque
782 2274 894 2353 gloria,
908 2294 1005 2353 neque
1017 2275 1133 2335 virtutir
1147 2276 1287 2354 magister
1301 2285 1353 2337 aut

255 2372 425 2433 exercitatio
446 2372 585 2448 deerant:
606 2370 716 2451 quippe
743 2369 900 2452 Philippus
923 2382 1007 2451 pater
1019 2371 1168 2431 continuio
1182 2371 1269 2433 bellis
1281 2390 1354 2432 oon·
1448 2403 1451 2412 .

255 2480 377 2529 tamtam
391 2478 460 2528 ante
474 2464 674 2527 Macedonum
696 2476 816 2546 gentem
834 2466 949 2541 extulit,
974 2480 1006 2529 et
1031 2480 1137 2528 coacta
1160 2467 1190 2527 in
1215 2467 1352 2529 ordinem

256 2563 383 2635 Gracia,
397 2564 512 2624 cunctis
527 2560 738 2623 formidabilem
752 2562 834 2625 lecit.
874 2564 920 2624 ll.
943 2560 1080 2643 Denique
1094 2582 1155 2623 non
1169 2561 1267 2624 roluin
1280 2583 1355 2645 ope·

253 2679 317 2722 rum
332 2668 400 2739 port
414 2680 446 2720 ee
461 2671 610 2739 gestorum
623 2658 818 2720 fundamenta
836 2660 952 2741 poenit:
973 2678 1075 2720 rerum
1100 2660 1189 2721 etiam
1213 2678 1282 2722 cum
1297 2658 1352 2721 de·

254 2753 383 2826 cederet,
405 2754 526 2815 Perric'o
549 2751 627 2815 bello
651 2754 795 2829 intentur,
820 2754 956 2817 delectur
978 2755 1132 2829 habuerat,
1158 2766 1353 2827 commeatur,

253 2851 420 2931 pecuniam,
434 2850 593 2912 exercitum
606 2863 777 2931 paraveratr
799 2863 830 2913 et
841 2851 1045 2921 Parmenionir
1065 2870 1155 2934 opera
1165 2850 1232 2932 jam
1246 2852 1354 2923 Aetam

255 2953 434 3025 aperuerat·
474 2948 522 3007 12.
544 2945 603 3007 Sed
616 2948 647 3006 in
660 2966 697 3007 eo
710 2967 808 3009 rerum
822 2959 973 3009 momento
996 2945 1162 3009 subductus
1186 2962 1244 3021 ert,
1267 2962 1304 3008 nt
1324 2962 1357 3009 et

255 3043 382 3103 maxima
395 3041 515 3123 gerendi
531 3041 601 3102 belli
615 3042 751 3104 rubridia
764 3037 834 3117 lilio,
848 3053 880 3103 et
891 3042 1010 3127 plenam
1026 3046 1103 3126 genti
1117 3044 1242 3124 gloriam
1261 3045 1356 3106 relin-

155 3211 157 3217 γ
254 3151 377 3219 queret:
399 3138 528 3219 quadam
542 3140 668 3200 fortunar
683 3139 839 3212 industria,
852 3159 941 3220 quam
955 3159 1035 3200 unua
1045 3139 1093 3201 hic
1106 3149 1250 3221 perpetuo
1263 3143 1356 3203 obae-

254 3244 394 3316 qnentem
418 3235 474 3296 ribi
496 3226 619 3296 babuit!
659 3234 707 3296 13.
740 3234 834 3315 Cujus
849 3233 1043 3297 admiratione
1056 3256 1116 3297 non
1130 3244 1237 3317 pbstea
1250 3234 1357 3313 ruodo,

254 3332 308 3392 red
319 3332 416 3392 rtatim
432 3329 470 3392 ab
483 3330 564 3391 initio
578 3330 745 3391 dubitatum
757 3340 813 3404 ert,
827 3330 974 3391 rectiuane
985 3330 1138 3404 foret,non
1148 3352 1201 3411 per
1211 3321 1357 3419 AEacidar

254 3443 307 3489 aut
330 3425 500 3501 Herculem,
525 3426 579 3489 red
603 3431 640 3488 ab
662 3428 728 3507 ipso
751 3427 884 3508 protinus
906 3427 992 3499 Jove,
1014 3437 1097 3489 tanto
1114 3428 1226 3489 bomini
1241 3421 1358 3491 divinia

254 3524 354 3605 etirpir
381 3524 522 3603 originem
548 3543 689 3585 aarerere.
735 3521 783 3583 14.
812 3524 879 3602 lpae
904 3523 1037 3603 quidem,
1060 3544 1128 3584 cum
1151 3513 1358 3586 Hammonem

254 3620 394 3701 Lybicum
409 3620 514 3693 adiret,
534 3619 598 3699 ejus
613 3621 704 3682 lilium
718 3640 751 3680 re
764 3619 906 3702 appellari
920 3620 1024 3692 voluit,
1045 3633 1079 3682 nt
1101 3624 1229 3700 postea·
1250 3622 1360 3683 trade-

254 3737 331 3777 mur.
371 3713 511 3777 Ceterum
532 3712 735 3777 ‘draconem'
755 3717 784 3776 in
810 3716 900 3778 cubili
920 3716 1024 3777 matria
1045 3717 1109 3796 ejua
1131 3717 1239 3789 virum,
1259 3738 1359 3798 quern

285 3912 298 3947 ¹¹
315 3909 387 3965 Plut.
398 3911 473 3965 illex.
491 3929 516 3979 p.
527 3919 584 3966 866.
599 3913 643 3965 ed.
659 3912 780 3965 Francos.
852 3910 864 3947 ¹
876 3910 951 3962 idern
960 3925 991 3963 x.
1001 3916 1026 3964 ὅ.
1036 3916 1076 3965 bt.

254 3994 328 4040 1³99.
344 3988 453 4040 Diodor.
470 3990 523 4041 Sic.
539 4000 609 4043 ιιιι.
622 3994 645 4041 l.
678 3988 781 4040 Arrlrn.
851 3986 948 4038 tidem
960 4000 1000 4039 rr.
1010 3993 1034 4039 7.
1042 3990 1082 4038 ιο.

252 4078 296 4115 ιιι.
307 4068 331 4114 ³.
342 4064 457 4116 Ριιιιιι.
474 4064 559 4118 Attlc.
574 4079 595 4118 ι.
626 4066 721 4117 Vellei.
730 4066 780 4115 Pr·
850 4062 978 4114 *Lucium
990 4063 1062 4113 Diei.
1074 4064 1154 4113 Hort.
1165 4076 1229 4114 xrrr.
1239 4063 1320 4118 Plnt.
1330 4082 1359 4132 p.

254 4144 385 4191 tare-rm.
819 4143 876 4189 w».
892 4138 1227 4191 sarracinorum.

285 4214 381 4266 murt.
392 4228 444 4265 vn.
456 4219 479 4266 1.
489 4218 514 4265 b.
