2925 4867
379 476 440 525 on.
463 476 558 526 oxrr.
579 463 611 525 t.
648 479 686 526 n.
709 479 769 526 cu.
793 478 829 527 n.
851 462 926 528 328.
1138 464 1203 531 579

108 617 254 701 Jamque
269 638 288 682 e
304 616 530 683 Macedonum
542 621 663 685 castris
674 622 844 702 signorum
856 628 1039 685 concentus
1050 627 1084 687 et
1098 622 1202 686 totius

109 721 279 785 exercitus
295 708 419 784 clamor
433 712 641 785 audiebatur.
686 721 739 785 Ea
752 738 819 798 rea,
836 722 924 785 sicut
938 722 1098 805 pleraque
1118 718 1201 786 belli

108 839 199 884 vana
218 826 251 884 et
266 820 388 897 inania,
403 822 564 884 barbaros
579 821 623 885 ad
637 820 836 885 deditionem
852 822 974 901 traxit;
1003 824 1131 906 quippe
1146 842 1203 887 oc·

109 923 219 1005 cupati
236 930 338 999 metu,
347 921 552 1004 paucitatem
564 941 691 999 eorum,
706 922 765 1003 qui
777 941 798 984 a
811 927 902 1003 tergo
916 930 1020 1000 erant,
1037 924 1202 988 aestimare

109 1041 174 1086 nou
196 1029 361 1104 poteraut.
403 1024 457 1088 26.
482 1024 602 1106 ltaque
626 1023 766 1105 Cophau
789 1021 882 1106 (uam
904 1022 1107 1107 trepidantes
1128 1024 1203 1089 reli-

109 1120 243 1206 querat)
263 1130 392 1187 strenue
413 1129 599 1203 revocaut;
621 1130 748 1188 etcum
770 1142 810 1187 eo
832 1138 933 1187 xxx.
948 1125 1117 1208 principes
1131 1128 1204 1189 mit·

108 1230 192 1300 tunt,
207 1226 265 1306 qui
281 1230 407 1307 petram
422 1224 567 1301 tradant,
590 1228 637 1300 et,
661 1228 720 1287 ‘ut
741 1224 963 1289 incolumibus
976 1226 1067 1289 abire
1081 1225 1204 1300 liceat.'

107 1324 333 1405 paciscantur.
375 1324 430 1389 27.
454 1323 517 1387 Ille
539 1342 729 1409 quanquam
753 1325 938 1402 verebatur,
961 1344 1003 1389 ne
1023 1334 1203 1409 conspecte

104 1426 269 1509 juvenum
286 1425 458 1508 paucitate
471 1424 683 1490 deturbarent
696 1444 757 1488 eos
770 1426 901 1489 barbari
912 1448 921 1506 ς
950 1435 1077 1506 tamen,
1093 1432 1125 1490 et
1138 1427 1203 1492 sor-

111 1533 199 1591 tunae
215 1546 287 1591 suae
303 1524 460 1602 confisus,
477 1533 513 1589 et
526 1524 675 1589 Arimazi
693 1527 861 1607 superbiae
876 1526 1033 1605 infensus,
1057 1527 1204 1592 ‘nullam

110 1647 149 1691 se
175 1628 401 1692 conditionem
427 1625 607 1689 deditionis
628 1624 803 1706 occipere'
824 1627 1005 1708 respoudit.
1047 1626 1101 1691 28.
1128 1626 1204 1691 Ari-

109 1746 235 1804 mazes,
251 1726 438 1808 desperatis
452 1728 558 1809 magis
573 1746 672 1810 quam
695 1725 836 1808 perditis
855 1729 965 1806 rebus,
981 1748 1057 1792 cum
1071 1732 1204 1813 propiu-

110 1829 187 1912 quis
201 1828 486 1910 nobilissiminme
504 1829 611 1906 gentis
629 1845 698 1889 suae
718 1825 889 1892 descendit
903 1829 935 1892 in
952 1836 1084 1894 castra:
1115 1850 1203 1914 quos

110 1948 225 1993 omnes
246 1929 460 1992 ‘verberibus
472 1926 612 1991 affectos
627 1927 689 1989 sub
703 1927 787 2009 ipsis
800 1927 969 1998 radicibus
980 1938 1083 2012 petrae
1098 1933 1204 1997 cruci·

109 2027 194 2092 bus'
210 2027 316 2111 jussit
330 2026 462 2107 ‘affigi'
493 2028 546 2092 29.
566 2025 751 2089 Multitudo
766 2026 995 2094 dedititiorum
1011 2030 1132 2095 incolis
1147 2052 1204 2096 uo·

110 2149 227 2193 varum
251 2130 383 2191 urbium
407 2146 482 2191 cum
510 2128 655 2209 pecuma
677 2135 780 2209 capta
800 2122 985 2195 dooo'data
1001 2139 1074 2195 est:
1102 2131 1204 2195 Arto-

110 2232 216 2293 bazus
239 2231 272 2293 in
294 2238 399 2313 petrae
424 2227 646 2311 regionisque,
669 2246 747 2310 quae
765 2230 923 2311 apposita
940 2236 1030 2295 esset
1043 2232 1086 2309 ci,
1102 2232 1205 2297 tutela

110 2330 257 2395 relictus.

566 2464 579 2483 ο
582 2459 749 2480 ΝΟΜΟΟ

111 2580 187 2626 Voss.
206 2582 229 2626 1.
239 2577 322 2639 Bouq.
335 2585 363 2623 et
379 2576 435 2625 Eia.
451 2576 544 2638 mua.
578 2575 693 2625 Fioreut.
703 2575 776 2625 laid.
790 2576 863 2624 vom.
882 2580 905 2625 1.
916 2580 941 2625 2.
952 2583 979 2625 et
990 2577 1074 2640 uong.
1087 2580 1111 2627 2.
1122 2578 1206 2629 iubere

111 2642 202 2692 utiliter
213 2640 321 2689 cit-25
339 2640 440 2700 Jamque
455 2640 618 2699 Muccurum,
638 2640 732 2687 amima
751 2639 945 2702 praepositione,
963 2640 1075 2690 Floreat.
1093 2642 1167 2690 leid.
1178 2652 1206 2691 ct

112 2707 187 2754 Voss.
199 2709 221 2753 1.
241 2708 363 2751 contentas
374 2702 508 2750 bien—86
525 2703 600 2768 Your.
611 2705 637 2750 2.
654 2701 714 2751 Aid.
726 2702 808 2751 Calin.
821 2703 921 2767 Grypb.
939 2704 1014 2753 Frob.
1033 2704 1089 2753 cot.
1106 2706 1167 2756 Bar.
1179 2716 1207 2757 et

111 2770 182 2817 Mer.
194 2768 317 2816 omittunt
326 2770 353 2815 rrt
364 2774 424 2813 aute
436 2765 589 2814 balamber
595 2782 606 2821 ,·
622 2766 695 2815 Vota.
703 2770 728 2815 2.
740 2772 766 2815 rrt
776 2766 973 2816 iuuenca-at
986 2766 1069 2817 Amat.
1077 2768 1206 2820 Atinatis.

111 2832 229 2881 Floreat.
242 2831 315 2879 ueta.
324 2831 399 2877 Voss.
412 2832 435 2877 1.
444 2833 469 2877 2.
480 2828 547 2876 Duo.
556 2829 640 2890 Boug.
650 2830 744 2879 Veuet.
755 2831 854 2881 Veron.
867 2831 926 2881 vet.
945 2844 986 2881 uu.
1008 2834 1077 2881 1111.
1096 2832 1204 2885 Medici.

112 2895 174 2944 Ata.
185 2895 269 2944 Ooiiu.
286 2901 313 2942 et
325 2893 425 2955 Grypb.
438 2892 562 2943 omittunt
571 2892 752 2951 talem-28
768 2894 881 2943 Floreat.
893 2902 920 2942 et
937 2892 1011 2943 Lete,
1030 2896 1167 2959 dirpemtir.
1179 2906 1207 2946 et

112 2961 192 3021 qrsrrio
204 2965 262 3021 port
273 2958 422 3019 montoir.
454 2957 529 3005 Voss.
539 2960 564 3005 2.
578 2956 622 3005 urb
639 2956 712 3018 tupris
727 2958 920 3007 rediuiua-itt
936 2958 1013 3007 Voss.
1034 2963 1057 3007 1.
1074 2963 1099 3008 2.
1116 2962 1207 3011 dedito·

110 3039 185 3079 rum
212 3022 279 3070 Dan.
299 3020 415 3070 utonem,
433 3020 505 3069 Iaeid.
526 3020 584 3069 ΡιΙ.
597 3025 620 3068 1.
642 3025 671 3069 et
690 3022 773 3083 Boug.
792 3027 815 3071 1.
835 3020 995 3070 dedititiorum
1002 3038 1013 3079 ,·
1041 3022 1103 3071 Am.
1124 3025 1208 3076 colio.

112 3088 214 3151 Gryptr.
225 3086 286 3134 Bar.
298 3093 324 3133 et
336 3086 391 3134 Biz.
403 3084 563 3139 rtedtttomr
579 3084 663 3145 Boog.
673 3085 824 3133 dediciorum.
852 3084 928 3133 Voss.
939 3088 962 3135 2.
974 3085 1074 3135 omittit
1083 3102 1136 3137 cum
1146 3097 1207 3139 ante

107 3151 220 3215 pecnnia.
254 3150 331 3197 Vota.
342 3153 366 3197 2.
378 3148 474 3196 omittit
485 3152 563 3208 rupto,
573 3161 620 3221 pro
631 3163 682 3212 quo
694 3150 721 3196 io
732 3149 803 3198 Dan.
813 3152 888 3210 copto.
924 3148 1036 3199 Florent-
1048 3150 1122 3201 Leid.
1132 3153 1207 3205 troo.

113 3220 138 3263 1.
149 3216 220 3263 Dan.
231 3218 259 3262 et
269 3213 353 3273 Boug.
365 3212 503 3261 aarum.
537 3210 668 3259 Acrdaiiuo
679 3212 769 3261 metit:
794 3210 899 3273 oppetita
918 3216 952 3260 err
970 3214 999 3261 ei.
1032 3214 1099 3264 ΕΜ.
1120 3217 1206 3281 origg.

112 3285 175 3326 ante
186 3276 302 3325 Frciusb.
315 3277 389 3323 tutele
398 3276 494 3324 reiictm
503 3280 557 3331 ειη·
574 3274 688 3325 Floreat.
700 3275 773 3324 Iaeid.
786 3277 859 3324 Voss.
877 3280 901 3326 l.
913 3278 937 3325 2.
951 3282 979 3325 et
991 3278 1074 3342 Bouq.
1085 3280 1160 3330 tutela
1170 3295 1207 3331 re·

111 3346 192 3393 uetur.
225 3340 310 3389 Bothe
321 3339 419 3390 edidit:
436 3338 648 3388 toreumatum.
