2925 4867
257 348 322 431 298
478 366 512 425 o·
537 360 668 415 ounnu
694 365 786 416 noar
811 353 1138 420 4144441410.

258 524 334 589 ergo
362 506 549 573 necessitas
577 526 697 587 veraa;
722 508 850 592 quippe
875 506 1051 587 Manena‘
1076 509 1135 595 qui
1164 514 1267 574 antea
1292 527 1354 592 per

258 610 360 673 otium
375 608 473 673 vicos
492 609 696 687 incenderat,
708 608 781 691 jam
795 609 907 692 iugera
922 616 1112 688 contentus,
1126 610 1290 693 pleraque
1302 610 1355 701 in7

259 710 387 774 violata
401 708 493 775 boati
506 710 652 794 reliquit.
697 710 752 774 15.
771 709 979 789 Alexander,
997 711 1106 777 ‘baud
1126 711 1263 794 longius
1276 730 1356 775 oen·

257 814 326 875 tum
342 810 582 894 quinquaginta
597 810 717 876 stadiis
734 810 875 877 Darium
887 810 1027 877 abeaae’
1042 820 1269 895 compererat:
1288 812 1358 875 ita·

259 930 326 995 que
340 911 383 975 ad
406 913 593 977 satietatem
614 930 753 995 quoque
775 914 877 996 copia
897 921 1142 979 commeatuum
1163 915 1358 987 instructus,

259 1012 439 1095 quatriduo
458 1013 493 1076 in
515 1012 633 1077 eodem
648 1014 728 1079 loco
743 1015 902 1081 substitit.
945 1014 999 1081 16.
1013 1014 1218 1097 Interceptae
1232 1013 1358 1077 41414414

259 1114 356 1179 Darii
372 1115 476 1179 literae
492 1120 587 1193 aunt3
609 1114 731 1199 quibos
746 1114 860 1179 Groeoi
876 1116 997 1181 militen
1009 1115 1276 1190 colicitabautur,
1289 1118 1301 1147 ‘
1313 1122 1359 1177 ut

258 1234 368 1297 regem
390 1222 451 1279 aot
472 1214 705 1294 interficerent,
720 1224 780 1280 aut
799 1216 1002 1299 proderent?
1024 1217 1269 1301 dubitavitque,
1282 1220 1293 1249 ‘
1305 1235 1360 1279 an

258 1334 315 1379 eae
331 1334 392 1398 pro
408 1317 593 1381 concioneu
607 1313 785 1396 recitaret,’
798 1318 883 1383 aetia
894 1317 1042 1384 coudaua
1058 1318 1252 1384 Graecorum
1265 1336 1360 1399 quo-

258 1436 323 1500 que
338 1436 419 1499 erga
431 1436 468 1481 ae
490 1418 734 1484 benevolentiae
748 1436 791 1483 ao
806 1417 895 1483 lidei.
939 1419 992 1484 17.
1013 1419 1082 1485 Sed
1097 1419 1277 1485 Parmenio
1290 1418 1361 1483 de·

158 1570 161 1581 .
257 1518 389 1599 terruit;
412 1522 500 1583 ‘uou
515 1538 591 1585 aeae
605 1519 729 1585 talibtm
740 1518 918 1603 prouincia
936 1519 1137 1585 imbuendae
1152 1539 1250 1585 aures
1262 1519 1360 1585 mili·

257 1628 346 1685 tum:
381 1625 493 1702 patere
521 1622 576 1686 vel
599 1624 698 1685 unius
727 1618 862 1685 inaidiie
890 1640 1021 1703 regem:
1049 1621 1132 1687 nihil
1160 1621 1252 1685 nefas
1274 1639 1361 1685 ease

258 1720 430 1785 avaritiae!
474 1722 617 1787 Secutae
640 1722 773 1789 consilii
796 1718 993 1799 auctorem:
1014 1728 1123 1789 cantra
1136 1722 1253 1789 movit.
1296 1721 1360 1787 18.

258 1821 329 1885 lter
351 1820 484 1886 facienti
513 1823 620 1907 spado
644 1844 730 1889 unua
753 1843 798 1889 ex
823 1824 981 1907 captivis,
1003 1825 1061 1907 qui
1086 1824 1185 1889 Darii
1212 1842 1361 1887 uorem

257 1920 515 1999 comitabantur,
530 1922 694 1989 ‘deiicere
709 1922 805 1989 eam'
818 1926 966 2002 nuntiat,
980 1928 1037 1991 ‘et
1050 1926 1111 1991 vix
1124 1924 1272 2009 apirltrrm
1286 1923 1361 1987 du-

258 2025 354 2089 oera'
378 2024 430 2089 19.
443 2024 579 2091 itineris
593 2026 744 2092 continui
758 2027 873 2091 labore
887 2026 1058 2110 animique
1073 2026 1264 2110 aegritudine
1272 2024 1362 2089 sati·

713 2186 894 2211 ”mmo

251 2286 305 2347 jara
310 2288 334 2347 s.
346 2289 458 2339 14144141.
477 2289 536 2341 Ρ41.
548 2294 570 2340 1.
580 2292 689 2353 pleraque
700 2290 861 2343 oldaia—ld
880 2288 954 2339 Voaa.
964 2294 990 2339 2.
999 2288 1159 2352 qradraginta
1167 2286 1259 2335 aaa&
1279 2286 1358 2339 Dan.

257 2360 284 2399 et
299 2351 353 2402 l’al.
364 2356 386 2403 1.
397 2353 506 2411 Dartm
535 2352 618 2417 Boug.
636 2356 753 2405 Floreat.
771 2354 844 2405 laeid.
862 2361 890 2403 at
908 2354 983 2403 Voaa.
995 2359 1019 2403 1.
1029 2356 1054 2402 1.
1067 2352 1174 2401 uam·
1189 2367 1205 2398 4
1220 2365 1246 2400 ee
1261 2348 1359 2401 abe-e.

257 2415 375 2465 Floreat.
387 2424 415 2466 41
427 2418 503 2467 Vuae.
519 2422 543 2467 1.
561 2418 588 2467 ia
605 2432 626 2468 e.
645 2417 946 2469 1441444111-141141.
963 2423 991 2467 41
1009 2431 1031 2467 4.
1048 2416 1134 2465 later*
1203 2421 1231 2471 1,·
1255 2414 1320 2464 Pal.
1334 2423 1360 2467 1.

257 2478 326 2529 Dan.
337 2478 409 2529 Pith.
422 2481 484 2531 Pnt.
496 2482 593 2531 Fanclr.
606 2482 697 2533 Coton.
708 2482 795 2545 Sigeb.
813 2482 861 2532 Ed.
878 2496 916 2545 pr.
933 2481 1027 2531 Veoet.
1046 2480 1119 2530 Rom.
1168 2478 1243 2528 edici.
1252 2478 1360 2529 Veron.

257 2542 319 2591 vet.
330 2558 371 2593 ao.
385 2548 457 2594 1414.
474 2544 681 2597 4144411441
700 2547 743 2610 ph.
761 2547 841 2596 Baail.
853 2546 928 2598 lunt.
937 2545 1019 2608 bugd.
1032 2544 1116 2593 Amat.
1129 2540 1360 2593 14414414041144.

256 2606 350 2657 Piliae.
361 2608 427 2657 Tell.
437 2609 611 2661 1141118441.
623 2562 703 2661 ool.
714 2612 775 2674 nto.
784 2612 863 2661 Cana
873 2616 901 2660 et
911 2610 991 2660 Both.
1001 2613 1027 2658 41
1039 2623 1061 2655 e.
1070 2608 1243 2671 interficerem
1265 2606 1361 2671 Boag.

257 2670 370 2721 Floreat.
381 2672 454 2722 Laid.
472 2682 499 2722 et
511 2674 586 2723 Vota.
603 2679 625 2724 1.
635 2678 660 2726 1.
672 2680 699 2724 41
710 2689 731 2723 r.
748 2680 791 2724 441
805 2674 975 2739 interficerent,
982 2672 1054 2785 guod
1073 2673 1173 2734 recepit
1191 2670 1361 2724 Setrmieder.

256 2734 326 2785 Mer.
337 2750 369 2785 aa
380 2751 419 2785 444
429 2737 547 2799 44441444,
557 2738 651 2788 ouriaao
660 2752 713 2802 pro.
748 2738 818 2788 Dan.
829 2738 943 2797 masania,
953 2752 981 2787 44
1011 2736 1044 2785 ab
1055 2736 1088 2785 41.
1099 2751 1131 2783 m.
1141 2742 1288 2785 correctum
1299 2751 1360 2785 eea-

249 2799 385 2863 ,ἤια-11
402 2798 486 2851 Sedet
497 2802 594 2851 Faueb.
607 2802 677 2853 Pith.
690 2810 718 2853 et
737 2802 806 2853 Mer.
824 2802 913 2851 terruit
925 2802 1009 2851 Amat.
1027 2808 1055 2849 et
1072 2800 1154 2863 Lngd.
1172 2798 1287 2847 deterruit
1306 2816 1361 2850 4444

256 2863 372 2913 Floreat.
380 2863 455 2915 Laid.
465 2865 541 2915 Vnae·
553 2870 575 2915 1.
585 2871 611 2915 2.
623 2865 1066 2917 04441144411444411441.141.
1078 2878 1118 2913 ao.
1130 2866 1202 2913 1474.
1216 2863 1271 2911 Col.
1285 2864 1361 2914 Mer.

257 2925 333 2976 Frob.
345 2932 372 2976 et
383 2926 443 2977 Bra.
455 2930 549 2979 omiaao
559 2930 597 2991 rei
606 2944 661 2979 444.
694 2930 812 2981 Floreat.
823 2930 899 2979 Laid.
911 2930 1027 2978 114441.
1045 2928 1113 2978 Dan.
1132 2926 1188 2976 Pal.
1201 2931 1224 2975 1.
1241 2925 1295 2976 Ed.
1316 2942 1360 2992 pr.

257 2988 352 3039 Venet.
363 2991 507 3043 nonve.
518 3008 559 3044 an.
572 2992 825 3044 147411444441141.
838 2994 921 3043 colio.
932 2992 1033 3056 Grypb.
1050 3004 1078 3043 et
1096 2991 1158 3041 Bae.
1174 2992 1295 3057 effrem
1313 3008 1360 3055 pa·

255 3059 305 3103 tere
311 3070 320 3112 ,·
340 3054 412 3104 vae.
425 3060 449 3104 1.
460 3056 598 3121 adfirmanti
607 3062 697 3122 petere.
719 3058 795 3107 Voaa.
805 3061 830 3107 1.
841 3058 879 3123 cet
887 3056 1147 3119 44144-181141441.
1157 3054 1263 3104 beldet
1274 3056 1361 3105 Vota.

256 3119 280 3166 1.
293 3118 415 3169 omittunt
425 3133 502 3179 anae,-
519 3123 594 3173 11444.
606 3126 630 3173 2.
640 3124 712 3185 mado
722 3123 829 3185 eclptiae
845 3123 886 3186 qai
904 3122 979 3171 Darii
996 3136 1021 3171 4.
1037 3119 1265 3171 multatum—ll
1281 3118 1362 3171 Pto.
1459 3195 1460 3206 γ

746 3248 855 3299 Nom

292 3362 399 3427 ‘Quippe
409 3362 784 3429 Mmanduaoectumrldert
856 3364 936 3413 ul'ra
953 3360 1074 3425 44441444]
1098 3359 1266 3411 Memorabile
1286 3368 1363 3429 qaae
1459 3335 1460 3372 ³

255 3446 343 3501 puteat
359 3439 419 3501 boe,
436 3440 529 3505 quippe,
549 3454 600 3491 uon
622 3442 703 3491 actum
722 3440 785 3506 qula
825 3440 852 3489 in
862 3454 891 3489 re
902 3438 980 3488 aimiti
989 3438 1087 3488 facturn
1098 3437 1130 3487 ab
1139 3438 1253 3488 Eumene
1260 3442 1365 3494 acribia

256 3513 343 3577 panda
363 3514 438 3566 liucia
454 3516 511 3579 jam
532 3517 613 3567 tertio
635 3516 784 3581 repetitam,
823 3510 997 3567 lnatlnoatib.
1010 3527 1068 3565 xer.
1096 3515 1146 3564 sed
1158 3515 1216 3574 1414,
1229 3515 1296 3579 qnia
1308 3519 1364 3569 4114-

254 3591 300 3639 aed
317 3592 395 3640 etlam
407 3591 467 3655 qula
477 3606 568 3655 parum
582 3600 643 3656 apte
660 3592 782 3643 oobaeret.
823 3591 944 3641 eimalare
959 3605 1011 3640 nou
1029 3591 1113 3655 potnit
1133 3592 1245 3652 aeriptaa
1259 3601 1365 3645 canen

256 3666 350 3730 Neque
370 3666 438 3717 enim
458 3668 608 3731 properarit
625 3666 785 3731 Alexander,
823 3680 852 3716 44
867 3666 967 3727 literae,
984 3678 1042 3714 eum
1061 3666 1124 3714 14114
1142 3664 1234 3713 4441114
1252 3679 1365 3729 epam

254 3741 314 3805 quia
342 3741 457 3791 Mazara
482 3743 537 3805 jam
565 3744 715 3793 inviolatam
743 3758 783 3793 re·
824 3738 1021 3801 lorent,callide
1032 3738 1168 3789 14411444
1178 3740 1293 3802 aeriptaa
1303 3751 1367 3794 ten-
1458 3751 1459 3770 ³

254 3816 356 3879 sionem
376 3818 549 3881 relinqueret;
575 3819 620 3867 aed
640 3818 725 3882 potina
746 3820 784 3869 ld·
825 3814 1364 3875 tandlanorameaoaa31llexandrotala

254 3892 324 3941 circo
337 3894 454 3943 Mazarae
473 3893 585 3959 reliquit,
601 3893 670 3959 qood
688 3894 785 3945 lnatan·
825 3898 995 3943 commentum
1007 3904 1071 3953 opue
1082 3904 1133 3939 non
1150 3888 1208 3952 fuit,
1225 3891 1270 3955 qui
1289 3896 1365 3947 dm

256 3974 309 4015 tem
337 3966 436 4019 videret
458 3968 644 4021 Alexandrum.
685 3970 784 4020 Verum
804 4028 808 4037 Ι
825 3970 986 4031 interceptae
1008 3968 1077 4017 aolna
1099 3967 1206 4016 viderat.
1248 3967 1367 4023 ‘Inte-

254 4039 356 4089 laclliua
372 4050 414 4091 eet
431 4043 588 4105 reponenda
599 4045 670 4097 rocla
679 4061 784 4096 aeneum
824 4044 886 4095 dam
897 4043 1045 4093 inaidtarom
1056 4043 1197 4092 remedium
1208 4049 1257 4105 eat,
1269 4046 1297 4095 41
1308 4062 1367 4099 noa

255 4114 369 4167 indicare
381 4116 437 4181 quia
454 4132 510 4167 eree
530 4118 633 4178 debeat,
647 4136 723 4187 quam
740 4137 784 4173 vo·
824 4120 1018 4185 intelligantur!
1044 4120 1130 4170 Tacit.
1141 4119 1237 4169 dunat.
1249 4132 1320 4175 xre.

205 4196 210 4201 '
256 4192 403 4253 cemipaam
413 4200 486 4241 certo
497 4192 613 4245 delinire.
825 4194 1020 4263 narratorem]
1037 4195 1242 4247 Parmenionem.
