2925 4867
259 367 322 433 1⁰8
649 381 678 429 ι.
704 379 962 438 ιιιιιιειιιιιιιι,

258 522 435 604 prodigiose
452 520 599 582 reeordiae
615 520 765 600 uocabulo
785 519 972 602 ‘Margiten'
992 518 1208 601 appellaverat:
1230 521 1337 582 Persico
1459 549 1460 584 ι

259 637 333 679 suro
345 627 509 698 corruptus,
520 617 650 676 omnium
660 617 722 676 tere
732 616 886 689 bellorum,
896 636 965 696 quse
974 628 1077 677 contra
1087 609 1283 678 Alexandrum
1291 637 1338 698 pa·

257 726 390 791 tremque
403 711 468 791 ejus
481 709 649 791 Philippum
663 711 762 772 Graeci
776 711 1030 792 depugnarcmnt,
1053 713 1203 794 laxatque
1217 714 1337 774 concitur
1459 733 1460 742 ¹

260 810 365 871 lucrat.
396 811 443 868 lu.
453 808 664 886 Attalumque
675 807 1039 887 gravioremadrersarium
1049 827 1107 869 non
1115 808 1340 885 habueratAler·
1459 827 1460 854 l

259 903 376 977 andem
389 903 613 963 Atheniensium
632 904 803 964 societatem
818 905 992 985 pollicitus,r
1004 904 1043 967 ad
1055 904 1164 967 bellum
1178 906 1241 983 regi
1253 905 1340 983 palan

258 999 443 1060 inferendum
456 999 702 1060 exstimulaverat.
748 1001 795 1060 19.
817 1000 922 1080 Neque
936 1000 1039 1062 civitas
1053 1000 1274 1061 Atheniensium
1287 1019 1340 1062 rue·

260 1093 396 1156 diocriter
410 1094 584 1175 deliquerat,
596 1093 735 1155 detractis
746 1093 875 1174 Philippi
888 1096 1180 1174 statuis,·earumque
1190 1095 1339 1156 materisin

258 1189 355 1250 faedus
373 1209 446 1251 usus
459 1207 622 1250 conversa:
642 1189 767 1270 aliisque
781 1189 928 1264 admissis,
942 1209 1011 1272 quse
1024 1191 1130 1271 vulgus
1144 1192 1342 1271 imperitasset
1459 1199 1460 1202 ’

259 1285 377 1358 mobile,
398 1285 482 1345 nulls
492 1285 582 1346 futuri
591 1303 673 1359 curs,
687 1303 725 1346 es
744 1285 864 1348 arbitrio
883 1305 1032 1368 suasuque
1045 1305 1205 1366 paucorum
1220 1285 1341 1346 animose

259 1391 417 1460 perpetret.
459 1384 510 1442 20.
530 1380 591 1442 Sed
611 1381 683 1442 nihil
704 1401 741 1442 es
761 1377 806 1454 iis,
828 1402 896 1462 qum
915 1385 1070 1464 praefracta
1092 1392 1122 1443 et
1140 1380 1342 1442 contumaciter

259 1477 400 1545 fecerant,
424 1495 510 1556 arque
530 1478 688 1539 commorit
710 1497 822 1558 regern,
844 1497 931 1559 quem
951 1480 982 1538 in
995 1477 1152 1538 'l'hehauos
1165 1477 1349 1548 humanitas*

259 1593 335 1653 quos
356 1573 433 1632 iuter
452 1573 556 1653 patriar
578 1573 692 1634 ruinam
710 1575 842 1656 elapsos,
861 1585 966 1636 contra
983 1574 1076 1654 ipsius
1091 1571 1221 1632 edictum
1234 1591 1345 1650 recepe·

257 1678 335 1742 rant,
358 1680 471 1728 santum
492 1670 532 1728 oh
556 1685 657 1728 eorum
678 1669 773 1730 ricem
794 1667 906 1730 doloris
927 1687 988 1748 prm
1011 1687 1043 1730 se
1064 1668 1201 1740 serentes,
1216 1676 1249 1726 ut
1261 1667 1342 1728 etiarn

259 1764 461 1844 mysteriorum
476 1763 621 1830 solennia,
635 1782 703 1843 quse
717 1764 749 1824 in
767 1765 909 1826 honorem
928 1755 1023 1824 Liberi
1037 1762 1133 1824 Patris
1145 1762 1291 1842 precipua
1303 1781 1345 1821 ra-

258 1859 369 1939 ligione
381 1859 542 1938 quotannis
555 1858 716 1932 celebrant,
727 1860 767 1921 oh
776 1860 923 1940 publicam
935 1857 1102 1919 mestitiam
1117 1858 1344 1918 intermitterent

260 1957 310 2014 2l.
331 1953 440 2014 Verum
452 1952 590 2033 cupitline
604 1955 674 2015 belli
689 1955 811 2030 Persici,
823 1955 995 2016 condonare
1007 1953 1122 2014 Grecis
1136 1953 1257 2032 injurias
1271 1971 1347 2024 suas,

259 2068 349 2129 quam
363 2049 469 2129 exequi
478 2048 618 2110 mdabat.
647 2050 741 2130 Igitur
753 2067 821 2110 cnm
835 2048 1009 2122 Demades,·
1022 2049 1072 2128 qui
1085 2047 1222 2127 Philippo
1235 2065 1349 2126 quoque

260 2156 362 2223 gratam
376 2155 575 2225 acceptusque
585 2146 692 2217 suerat,
701 2165 805 2226 preces
816 2145 939 2207 civitatis
951 2145 991 2205 ad
1001 2163 1068 2205 eum
1082 2141 1248 2216 detulisset,
1260 2142 1349 2202 Athe-

259 2240 411 2301 niensibus
425 2239 559 2314 indulsit,
572 2245 581 2275 ⁴
594 2249 629 2300 ut
641 2241 859 2314 Demosthene,
873 2241 1078 2321 Lycurgoque,
1090 2249 1122 2300 et
1134 2238 1199 2300 aliis
1214 2255 1287 2317 quos
1301 2237 1352 2296 de·

258 2345 436 2413 poposcerat
460 2335 709 2409 retentis,-unum
737 2335 945 2398 Charidemum
969 2337 999 2396 in
1027 2336 1146 2396 exilium
1168 2330 1353 2394 mittareut''

258 2431 309 2486 22.
324 2427 378 2489 llle
391 2427 430 2488 ad
444 2425 552 2488 Persas
570 2447 603 2490 se
615 2429 758 2498 contulit:
781 2449 948 2512 magnoque
962 2431 1034 2510 ipsis
1047 2431 1114 2492 usui
1129 2430 1194 2502 init,
1206 2428 1300 2488 donec
1312 2427 1353 2486 ob

258 2521 423 2582 libertatem
443 2523 555 2603 linguae
577 2513 659 2584 Darii
677 2525 765 2604 jussu
788 2525 960 2588 interfectus
978 2533 1049 2586 est.¹
1089 2524 1147 2585 Alii
1160 2543 1277 2604 quoque
1290 2539 1354 2582 non

257 2620 397 2696 postremi
419 2618 546 2682 nominis
568 2620 632 2694 riri,
652 2620 722 2681 odio
745 2623 823 2701 regis
846 2621 918 2682 urbe
940 2621 1080 2694 deserta,t
1098 2619 1136 2680 ad
1156 2619 1259 2680 hostes
1273 2617 1357 2678 illius

259 2715 393 2791 protecti,
419 2715 551 2775 multum
571 2716 682 2795 negotii
708 2715 927 2777 Macedonibus
952 2715 1157 2776 exhibuerunt.
1208 2716 1257 2774 23.
1279 2711 1359 2772 Post

259 2827 327 2868 enm
345 2829 441 2870 rernm
459 2810 599 2889 impetum
620 2829 807 2890 cursumque,
828 2827 915 2870 nemo
936 2819 1088 2889 supererat
1108 2809 1138 2868 in
1159 2808 1288 2880 Grecis,
1303 2809 1358 2888 qui

259 2913 313 2962 aut
330 2903 440 2965 viribus
463 2905 525 2964 suis
545 2915 614 2984 post
625 2906 784 2966 Thebanos
803 2911 939 2985 (quorum
958 2905 1056 2984 gravis
1070 2914 1217 2965 armatura
1229 2903 1360 2966 celebris
1459 2935 1460 2938 ¹

258 2995 330 3055 olim
349 2997 456 3074 iuerat)
479 3009 532 3058 aut
552 3010 699 3078 occupata
712 2999 872 3073 Leucadia,
884 2999 1073 3062 munimentis
1087 2999 1259 3062 confideret.
1302 3003 1361 3062 24.

258 3091 395 3172 Namque
409 3093 573 3155 leucadius
587 3096 645 3155 situ
660 3094 773 3174 oppidi,
792 3107 822 3156 et
838 3095 957 3175 proviso
978 3097 1007 3156 in
1028 3094 1147 3176 longam
1168 3095 1362 3156 obsidionem

257 3200 422 3248 commeatu
437 3189 561 3263 feroces,
575 3190 653 3249 lame
667 3189 800 3259 domuitr
822 3209 890 3252 cum
904 3191 1082 3272 expugnatis
1095 3209 1163 3271 quea
1177 3191 1257 3252 circa
1271 3203 1365 3252 erant

258 3283 398 3356 castellis,
420 3284 553 3345 homines
569 3284 747 3346 Leucadiam
770 3287 849 3346 abire
872 3305 991 3366 passus,
1011 3286 1140 3346 adaucta
1153 3305 1204 3366 per
1218 3287 1363 3366 singulos

259 3377 322 3438 dies
346 3380 542 3451 multitudine,
563 3398 681 3439 omnem
694 3398 798 3440 eorum
820 3399 929 3459 penum
949 3381 1146 3442 exhausisset.
1188 3385 1239 3442 25.
1260 3382 1365 3462 Igitur

258 3493 296 3532 ex
306 3473 514 3552 Peloponneso
526 3493 645 3554 quoque
658 3475 822 3554 legationes
835 3487 987 3550 uenerunt,
998 3477 1176 3557 gratulatum
1187 3477 1269 3555 quod
1285 3497 1366 3538 con·

258 3567 344 3626 fectis
357 3587 395 3626 ex
409 3569 498 3628 animi
521 3569 669 3629 senoentia
687 3561 847 3632 barbaricis
867 3572 963 3648 hellis,
983 3571 1071 3633 etiarn
1092 3573 1366 3660 Graecorumque-

258 3661 384 3723 randum
397 3663 584 3725 insolentiam
597 3675 629 3724 et
641 3666 836 3728 temeritatem
848 3669 1036 3748 castigasset.
1077 3669 1127 3729 26.
1146 3668 1294 3740 Arcades,
1307 3669 1368 3747 qui

290 3840 302 3875 o
320 3833 393 3884 Cart.
404 3845 442 3882 rs.
452 3835 477 3881 2.
490 3831 531 3882 17.
827 3849 902 3886 xrsr.
914 3852 940 3901 p.
952 3840 1010 3887 ⁶2⁰.

289 3915 299 3940 ¹
316 3906 579 3971 Diocaesarea.
855 3919 866 3944 v
883 3912 985 3962 Arrisn.
1003 3925 1024 3962 ι.
1043 3915 1082 3962 lu.
1099 3911 1168 3960 Plut.
1185 3911 1211 3960 in
1230 3925 1259 3962 x.
1277 3909 1367 3961 Orat.

289 3988 299 4013 ¹
316 3981 369 4030 Dio
381 3981 456 4031 Orat.
465 3985 507 4032 28.
822 3991 847 4036 2.
858 3985 981 4036 Diusrch.
992 3993 1076 4036 contr.
1086 3985 1225 4036 Demosth.

288 4057 299 4089 ⁸
313 4055 423 4107 AEsclrin
441 4063 527 4108 sonu.
542 4057 658 4123 ctesiph.
668 4059 781 4110 Psossrr.
854 4069 867 4096 ¹
876 4062 950 4112 curt.
961 4073 1005 4112 ιιι.
1016 4065 1042 4112 2.
1053 4066 1092 4111 1⁰.
1104 4061 1167 4112 Dio.
1179 4073 1247 4112 xsrs.
1256 4075 1285 4124 p.
1298 4063 1367 4110 ⁵6⁷.

258 4144 299 4182 rx.
310 4131 408 4182 Justln.
419 4145 458 4182 ιι.
468 4136 528 4183 As·
853 4143 865 4180 r
883 4138 957 4188 cart.
972 4149 1017 4188 ιιι.
1031 4139 1070 4188 lt.
1083 4141 1123 4187 lo.
1141 4136 1219 4188 Diod.
1235 4147 1310 4186 xuss.
1335 4147 1365 4198 p-

290 4207 390 4257 'Pium
415 4207 547 4259 Demosth.
574 4223 602 4272 p.
621 4212 679 4261 hott.
702 4209 782 4261 Diod.
822 4215 880 4262 Aba.
