2925 4867
259 375 326 444 280
489 394 524 453 o.
547 388 679 441 cunrrr
704 390 796 441 surr
821 390 896 440 urs.
919 388 969 439 rr.
992 390 1077 441 car.
1097 372 1131 437 1.

260 536 382 622 ltaque
397 535 568 613 Mazaces,
582 554 777 619 quanquam
798 532 925 599 infelici
945 532 1065 618 prmlio
1080 548 1216 596 suorum
1231 528 1353 595 animoa

261 641 397 707 territos
412 656 488 703 esse
503 640 716 721 cognoverat,
731 643 843 703 tumen
864 639 876 669 ‘
891 636 1046 720 palantes
1059 642 1094 699 et
1106 632 1261 699 victorius
1276 631 1355 696 fidu-

262 742 316 807 cia
337 739 512 805 incantos’
533 742 711 815 ostentans,
738 738 885 821 perpulit
907 741 970 802 ‘ue
988 736 1184 802 dubitarent
1207 754 1256 800 ex
1279 734 1355 799 urhe

263 860 436 927 erumpere
463 846 499 905 et
526 858 583 903 ros
607 839 752 903 amimae
780 836 999 923 recuperare?
1039 836 1356 903 83.1dcousiliun

263 960 332 1009 non
346 942 477 1007 rationo
489 940 696 1026 prudentius,
711 958 812 1023 qnam
827 946 948 1005 aventu
961 938 1093 1005 felicius
1101 937 1186 1003 iuit:
1200 937 1246 1003 ud
1258 954 1357 1003 unum

262 1066 377 1113 omnes
392 1065 470 1112 eum
485 1046 560 1129 ipso
583 1042 668 1107 duos
693 1044 802 1107 occisi
816 1051 905 1107 sunt.
949 1042 1029 1109 Has
1051 1060 1174 1127 poenas
1195 1039 1357 1123 Amyntas

263 1149 395 1235 utrique
417 1147 485 1230 regi
510 1145 620 1225 dedit;
642 1144 748 1210 nihilo
763 1145 870 1227 magis
886 1144 931 1229 ei,
944 1144 989 1211 ad
1004 1163 1107 1228 quam
1125 1140 1357 1223 mangana

264 1248 367 1329 fidus,
393 1269 495 1333 quam
523 1248 586 1326 illi,
611 1266 712 1331 quem
742 1248 944 1313 deseruerat.
986 1246 1043 1314 ur.
1065 1246 1164 1312 Darii
1192 1252 1357 1329 praetores,

266 1350 326 1433 qui
338 1351 458 1435 praelio
483 1350 575 1434 apud
592 1350 693 1416 Isson
709 1350 951 1435 superfuerant,
966 1370 1041 1415 cum
1056 1348 1147 1413 omni
1160 1366 1275 1425 mann,
1288 1362 1358 1430 que

265 1450 431 1534 fugientes
459 1460 577 1519 secuta
605 1460 690 1531 arat,
715 1459 866 1518 assumta
893 1455 998 1518 etiarn
1025 1450 1304 1535 cappadocum·
1329 1450 1358 1509 et

268 1550 524 1636 Paphlagonum
532 1553 718 1636 juventute,
731 1554 875 1638 Lydiam
886 1572 1082 1639 recuperare
1096 1553 1286 1619 tentabant.
1310 1547 1359 1613 35.

267 1651 468 1737 Antigonus,
492 1662 619 1739 praetor
640 1654 825 1722 Alexandri
848 1656 968 1741 Lydiae
990 1660 1150 1740 praerat:
1172 1654 1243 1738 qui,
1259 1669 1359 1737 quau·

267 1774 367 1839 quam
385 1757 563 1841 plerosque
580 1757 722 1823 militnm
740 1779 786 1824 ex
800 1760 971 1843 praesidiis
986 1758 1032 1824 ad
1055 1774 1166 1841 regem
1180 1754 1360 1827 dimiserat,

268 1858 391 1935 tumen,
405 1858 557 1923 barbaris
572 1860 707 1943 spretis,
721 1860 759 1926 iu
770 1861 877 1927 aciem
889 1880 972 1925 suos
983 1858 1110 1926 eduxit.
1153 1854 1284 1921 Eadem
1296 1853 1361 1921 illic

269 1976 404 2041 quoqne
419 1960 551 2024 fortuma
565 1962 708 2044 partium
724 1962 810 2029 fnit:
831 1964 938 2027 tribus
953 1960 1084 2045 praeliis
1099 1958 1168 2023 alia
1183 1966 1286 2042 atque
1298 1956 1363 2021 ulia

268 2058 401 2143 regiona
416 2062 621 2140 commissis,
638 2062 755 2129 Persas
769 2064 960 2131 funduntur.
1003 2060 1203 2129 36.‘Eodem
1216 2067 1362 2143 temporo

268 2161 391 2229 classis
408 2163 635 2229 Macedonum
646 2185 689 2229 ex
707 2164 843 2231 Graecia
856 2167 970 2231 accitu
983 2165 1241 2243 Aristomenem,
1258 2158 1364 2247 qniud
1445 2191 1446 2246 p

270 2262 490 2348 Hellesponti
507 2283 599 2331 oram
612 2268 875 2351 recuperandam
890 2288 912 2333 a
927 2266 1036 2333 Dario
1050 2272 1123 2332 erat
1134 2266 1274 2342 missus,
1289 2282 1365 2347 oap-

269 2364 313 2427 tis
325 2364 399 2447 ejus
415 2371 473 2431 aut
485 2369 600 2433 mersis
614 2369 758 2433 navibus
773 2375 922 2453 superat.
951 2368 1006 2435 87.
1020 2366 1055 2433 Α
1066 2367 1213 2433 Milesiis
1224 2374 1238 2403 '²
1252 2364 1363 2431 deiude

271 2460 514 2533 Pharnabazus
527 2468 710 2553 praelectus
725 2468 875 2537 Persium
888 2472 1012 2537 classis
1026 2468 1173 2555 peouuia
1184 2472 1323 2547 exacta,
1334 2470 1365 2531 et

271 2762 359 2826 vulgg.
369 2762 485 2814 Munera.
513 2763 611 2814 Pauch.
622 2778 673 2814 erae
683 2766 790 2815 territos.
814 2766 880 2815 Mox
890 2780 938 2830 pro
946 2764 1052 2829 perpulit
1062 2762 1134 2813 Pith.
1142 2764 1243 2827 partalr't
1251 2778 1264 2821 ,·
1278 2760 1334 2812 Pal.
1344 2764 1367 2812 1.

270 2827 379 2889 perralit·
395 2828 469 2878 Vosr.
481 2832 507 2877 2.
522 2835 669 2891 eruraprrrat
687 2845 736 2891 rea,
754 2833 796 2894 ξι.
815 2832 908 2880 omisso
918 2834 956 2893 τᾷ
971 2837 1004 2880 et.
1021 2832 1089 2879 Dan.
1102 2828 1171 2878 rim.
1181 2828 1266 2889 Bong.
1277 2830 1302 2876 2.
1313 2826 1364 2876 Plo·

272 2898 341 2941 rent.
354 2896 381 2939 et
393 2892 468 2941 Voss.
486 2896 510 2941 1.
527 2894 675 2956 reciperare,-
692 2895 777 2955 Bong.
790 2898 813 2944 1.
824 2896 1003 2960 recipere—tt
1020 2895 1096 2943 Voss.
1106 2896 1131 2941 2.
1143 2898 1240 2942 contar
1250 2890 1366 2951 felicia-

272 2957 305 3005 14
322 2954 391 3005 Mer,
403 2962 431 3005 st
442 2958 551 3008 Vocat.
570 2960 633 3021 apud
650 2957 735 3011 Paroa.
751 2960 828 3009 Voas.
839 2965 863 3011 2
882 2960 1072 3024 supersaperent.
1091 2956 1150 3005 Pal.
1170 2961 1194 3005 1.
1214 2959 1365 3019 ωηιμια

275 3019 445 3081 Cappadocem
464 3021 546 3084 Βοῦς.
566 3022 683 3073 Floreat.
697 3022 773 3073 Laid.
792 3032 820 3073 et
838 3026 914 3076 Voaa.
935 3030 958 3074 1.
977 3024 1109 3086 reciperare
1126 3020 1269 3078 unnim
1292 3027 1319 3070 et
1333 3018 1367 3067 ais

274 3082 473 3148 deincepa.-it
493 3086 628 3149 Antigonus
639 3088 697 3137 Pal.
715 3092 740 3137 1.
757 3088 828 3138 Pith.
844 3090 936 3139 Eadem
945 3090 999 3147 itti,-
1015 3088 1095 3150 rolgg
1108 3086 1197 3135 Eadm
1206 3084 1366 3135 tranatico

272 3148 383 3211 pralium
393 3148 455 3208 fait.
470 3152 478 3177 ⁴
490 3150 640 3214 Lagentium
658 3159 737 3214 puto:
757 3154 895 3203 &nudem
910 3154 960 3203 illis
974 3170 1005 3217 pa
1036 3168 1063 3199 ιι
1072 3150 1175 3211 sartam
1189 3150 1298 3212 partiam
1306 3146 1368 3211 jair!

273 3212 417 3262 Both-att
435 3214 551 3265 Floreat.
566 3215 640 3266 held.
651 3223 679 3266 et
689 3216 765 3266 Voaa.
774 3222 797 3268 1.
805 3218 992 3283 reciperandam.
1006 3169 1086 3280 llolg.
1094 3221 1137 3263 aar
1144 3215 1274 3273 denerata,
1288 3214 1369 3277 stret.

273 3282 316 3325 aut
327 3278 437 3337 auaraiar
455 3279 572 3329 Plorant.
591 3279 665 3331 held.
676 3282 754 3331 Voss.
765 3286 789 3331 1.
807 3288 832 3333 a.
842 3284 953 3333 iheocr.
970 3282 1062 3333 Coton.
1078 3279 1140 3330 Ald.
1154 3279 1226 3329 Dan.
1238 3280 1305 3329 hier.
1315 3278 1370 3327 Bar.

274 3347 303 3389 et
314 3342 371 3392 Col.
381 3348 425 3393 nat
435 3345 541 3403 werria:
558 3344 615 3395 Pal.
628 3350 651 3396 1.
663 3352 735 3411 atque
749 3348 838 3397 eornm
847 3348 1017 3411 arriperent.
1049 3344 1174 3395 Heinsius
1189 3344 1258 3407 conj.
1277 3348 1319 3393 nat
1333 3343 1370 3391 de·

272 3406 371 3517 praefi,
387 3410 494 3471 dn-il
510 3410 635 3459 Anirelir'a
649 3412 734 3461 reare
744 3410 803 3461 Pal.
814 3417 837 3463 1.
848 3412 1004 3461 Bmahaaaa
1015 3410 1130 3461 Floreat.
1139 3406 1215 3459 haid.
1226 3408 1305 3459 Voaa.
1314 3412 1337 3457 l·
1347 3410 1370 3456 t.

299 3483 359 3535 nup.
371 3480 400 3523 et
410 3474 479 3525 Dua.
491 3474 646 3525 smmum
657 3474 754 3526 Panch
765 3476 918 3527 Paulam
929 3475 990 3525 Διά.
1013 3474 1092 3524 Proh.
1110 3472 1171 3523 Bar.
1183 3478 1213 3523 et
1229 3475 1289 3526 Col.
1298 3474 1325 3524 ia
1333 3486 1370 3521 ar·

761 3623 787 3671 N
790 3622 869 3673 01¹AE

307 3724 326 3753 ¹
344 3718 521 3783 capparim]
537 3718 598 3771 Non
616 3728 706 3783 totam,
718 3728 748 3771 ot
762 3735 804 3771 an·
845 3718 1306 3787 mm,cappnooeie,1tmenla,ue.
1324 3718 1372 3783 ¹⁴9⁹

274 3808 321 3859 pra
331 3794 485 3855 monuimus,
493 3796 685 3860 Cappadociam
693 3796 806 3847 Alexan·
845 3797 922 3861 ἀίω]
938 3796 996 3846 Lib.
1007 3810 1051 3845 rrr.
1062 3810 1120 3860 cap.
1129 3800 1155 3846 t.

274 3869 483 3935 deranbsperat3
495 3870 604 3921 subacta
613 3870 681 3926 torta
687 3874 805 3936 jamtum
879 3880 891 3907 ⁸
908 3873 930 3923 A
943 3873 1060 3937 Milesiis]
1077 3874 1185 3922 Miletus
1202 3888 1256 3922 una
1269 3886 1302 3923 au
1312 3872 1373 3921 dua-

276 3947 464 3997 rehellareratr
479 3948 680 4011 Paphlagoniam
690 3950 806 4012 reroJam
848 3950 933 4001 decim
952 3948 1044 3999 Ionum
1061 3948 1177 4005 urbibus.
1196 3949 1280 3999 Caria
1290 3954 1374 4011 caput,

276 4018 405 4071 deiecisse
414 4024 538 4085 oportuit,
550 4038 608 4087 quar
621 4025 716 4075 Persas
725 4025 808 4074 milite
849 4026 964 4075 lanarum
976 4025 1063 4088 pretio
1074 4032 1102 4075 et
1113 4024 1256 4074 incolarum
1270 4021 1373 4074 molliam

272 4095 396 4158 juraret;
414 4098 462 4147 nisi
473 4097 541 4149 forta
559 4100 605 4149 illa
620 4100 744 4163 jnrantna
763 4108 810 4151 aut
849 4101 970 4163 celebria,
981 4100 1014 4150 ad
1026 4099 1191 4151 Maeandrum
1207 4114 1307 4149 amorra
1316 4098 1372 4157 rita,

277 4180 370 4233 sponte
381 4180 533 4235 recurarit,
551 4182 597 4224 aut
608 4176 664 4240 J'am
681 4176 707 4225 in
718 4178 808 4240 praai-
850 4177 926 4241 paulo
936 4190 1015 4239 supra
1026 4176 1084 4240 eju·
1094 4176 1175 4235 oatla;
1195 4176 1271 4225 hodie
1282 4186 1370 4224 nomen

276 4244 327 4295 diis
342 4252 399 4296 erat
416 4246 572 4299 intactarum
585 4250 653 4301 bello
664 4253 808 4317 provinciu-
850 4252 954 4303 trium
964 4252 1070 4315 retinet,
1080 4266 1114 4303 ex
1125 4254 1207 4303 reteri
1218 4251 1361 4303 deductum.
