2925 4867
379 352 438 400 on.
469 350 564 399 uxrr.
585 334 619 399 3.
653 352 688 398 s.
712 350 771 398 err.
796 350 834 397 rr.
860 334 935 400 330.
1142 336 1207 399 515

113 492 320 574 quret‘actnm
344 492 480 576 probari
504 512 571 556 non
594 498 759 576 poterant,
786 512 828 557 an
854 492 949 556 salsis
971 499 1207 559 tormentorum

112 595 239 675 petierit
259 592 380 672 finem,·'
407 614 443 657 re
471 612 605 677 quoque
630 596 770 670 recenti,
798 612 874 657 cnm
902 594 1008 674 magis
1029 598 1138 677 possit
1166 595 1207 659 li-

115 714 223 777 quere,
249 695 439 761 dubitatum
464 706 529 758 est.
572 694 626 759 85.
649 696 852 773 Alexander,
869 714 956 780 quos
973 704 1110 759 mortem
1126 695 1206 760 Par·

112 797 275 861 munionis
289 804 493 880 conquestos
508 816 583 861 esse
598 802 816 881 compererat,
833 798 1041 882 separandos
1056 817 1077 862 a
1093 804 1206 885 cetero

112 899 259 961 exercitu
274 905 379 974 ratus,
403 899 438 962 in
460 918 562 963 unam
586 899 754 964 cohortem
780 901 932 976 secrevit,
946 900 1133 981 ducemque
1152 899 1206 964 his

113 996 292 1063 leonidam
306 998 410 1075 dedit,
426 1005 461 1063 et
474 1001 586 1083 ipsum
601 999 813 1065 Parmenioni
838 1000 1003 1085 quondam
1026 999 1146 1063 intima
1158 1001 1208 1067 sa-

109 1098 299 1165 miliaritate
314 1100 536 1183 conjunctum.
579 1100 632 1164 36.
657 1100 743 1164 Fere
765 1100 866 1164 iidem
892 1106 998 1176 erant,
1019 1120 1106 1183 qnos
1123 1102 1205 1165 alio-

114 1203 169 1283 qui
183 1220 241 1265 rex
254 1201 414 1266 habuerat
428 1202 580 1267 invisos:
603 1222 681 1267 nam
696 1222 773 1266 curn
787 1203 932 1286 experiri
948 1202 1050 1264 vellet
1063 1203 1205 1266 militum

114 1303 251 1379 animos,
283 1302 468 1380 admonuit,
491 1304 574 1387 ‘qui
600 1303 715 1368 literas
740 1304 774 1367 in
795 1303 1029 1368 Macedoniam
1057 1304 1100 1369 ad
1127 1322 1207 1367 suos
1270 1347 1275 1359 ,

112 1404 312 1485 scripsisset,
335 1404 390 1480 iis,
405 1422 491 1486 qnos
504 1405 578 1489 ipse
594 1404 758 1482 mittebat,
775 1405 948 1488 perlaturis
965 1423 1040 1469 curn
1058 1405 1121 1468 tide
1140 1410 1207 1468 tra-¹

111 1505 220 1570 deret'
258 1504 463 1588 Simpliciter
477 1505 522 1570 ad
537 1507 747 1571 necessarios
760 1525 841 1570 suos
857 1507 998 1589 quisque
1013 1506 1207 1588 scripserat,

110 1626 186 1688 quae
201 1608 379 1672 sentiebat:
402 1606 480 1671 aliis
495 1609 604 1689 gravis
619 1614 699 1684 erat,
714 1607 885 1690 plerisque
899 1625 965 1670 non
977 1606 1105 1689 ingrata
1121 1608 1206 1671 mili·

111 1708 168 1771 tia.
210 1709 267 1773 37.
289 1708 346 1773 lta
368 1714 402 1773 et
423 1709 587 1790 agentium
609 1708 744 1791 gratias,
761 1714 796 1771 et
809 1708 1013 1789 querentium
1029 1706 1133 1772 literae
1148 1727 1207 1771 ex·

110 1816 221 1891 ceptoe
234 1815 322 1874 snut.
366 1808 424 1892 [Et
445 1812 505 1892 qui
521 1809 608 1874 sorte
621 1811 758 1874 taedium
773 1809 899 1872 laboris
911 1828 972 1890 per
987 1807 1101 1871 literas
1116 1817 1207 1872 erant

111 1910 245 1996 questi]
269 1910 394 1975 ‘Hanc
416 1930 569 1975 seorsum
584 1912 755 1976 cohortem
771 1931 793 1975 a
808 1910 926 1974 ceteris
947 1908 1098 1985 tenderet
1113 1910 1206 1990 igno-

108 2014 221 2079 miniae
238 2031 341 2078 cansa
352 2011 361 2037 '
370 2012 486 2095 jubet:
503 2013 697 2078 tortitudine
712 2031 836 2077 usurus
852 2013 885 2074 in
901 2009 1007 2089 bello;
1021 2009 1206 2075 libertatern

108 2115 232 2197 lingum
247 2114 292 2177 ab
303 2114 442 2179 auribus
456 2115 605 2179 credulis
618 2122 814 2180 remoturus.
858 2112 902 2175 Et
918 2112 1093 2175 consilium
1108 2118 1209 2176 teme·
1312 2106 1315 2111 ’

109 2215 234 2278 rarinm
248 2214 400 2293 forsitan,
415 2216 556 2301 (quippe
570 2215 745 2279 fortissimi
755 2214 897 2299 juvenes
911 2210 1121 2275 contumeliis
1136 2212 1207 2276 irri-

111 2319 174 2381 tati
188 2315 310 2399 erant,)
334 2319 421 2383 sieut
435 2318 545 2381 omnia
567 2319 645 2395 alia,
670 2316 817 2381 solicitas
839 2316 925 2397 regis
948 2312 1110 2395 excepit*
1153 2312 1206 2379 38.

142 2524 150 2556 ⁶
166 2526 205 2574 Aa
216 2526 283 2587 salso
299 2528 431 2594 confitendo
446 2528 568 2590 quesierit
576 2527 653 2591 stam
668 2527 820 2577 mearum

139 2590 302 2654 ’Separatio
317 2608 333 2640 u
348 2592 447 2655 reliqniis
462 2591 613 2641 tabernaculo
628 2604 671 2639 ruo
685 2606 780 2653 ponere.
949 2589 960 2622 ⁸
978 2588 1130 2639 Emdurit.

567 2748 747 2772 ”coenante

108 2879 166 2927 quo
175 2862 248 2923 lactu
264 2866 416 2929 conputet
450 2864 522 2915 Pitb.
543 2871 713 2917 ramentorum
730 2865 896 2923 ementitos„
914 2865 982 2915 Piri.
998 2866 1080 2927 Bonp.
1098 2869 1123 2915 8.
1140 2866 1207 2915 Dan.

108 2930 228 2979 Floreat.
243 2928 317 2979 Leid.
330 2937 358 2980 et
368 2930 442 2980 Voss.
454 2934 477 2980 l.
489 2929 583 2990 magnis
594 2944 641 2993 pro
649 2930 736 2989 magis.
768 2930 845 2979 Voss.
854 2934 879 2979 2.
890 2930 985 2979 omittit
996 2935 1082 2991 posset.
1117 2929 1173 2980 Psi.
1183 2933 1206 2981 l.

106 2992 257 3055 sennona-
280 2995 356 3043 Voss.
367 2998 393 3043 l.
404 2996 591 3057 linqueret—85
609 2993 730 3060 Florem„
739 2994 813 3043 Leid.
831 2992 903 3042 Voss.
917 2998 939 3041 1.
948 2998 972 3042 2.
984 3002 1013 3042 et
1024 2994 1096 3042 Mod.
1111 3009 1168 3055 qnos
1179 2994 1208 3041 lt·

107 3057 281 3107 dmarortem.
316 3057 373 3106 Pal.
384 3062 408 3107 1.
424 3059 552 3119 separando
563 3073 578 3105 a
589 3061 741 3107 cetero-to
759 3058 958 3106 Florentiam.
973 3058 1048 3106 Voss.
1064 3062 1088 3105 t.
1109 3066 1136 3105 et
1148 3058 1205 3104 Pal.

106 3122 271 3178 ι’ὀιιισως
298 3122 584 3170 vorat-idemeston.
621 3120 694 3169 Loid.
713 3122 773 3183 quod
791 3120 886 3183 alioqui.
920 3121 976 3170 Pal.
989 3125 1013 3169 1.
1030 3136 1069 3170 res
1086 3121 1208 3169 talanat.

108 3184 221 3233 Vocat.
229 3186 333 3233 nubtura
341 3185 431 3233 animos
441 3186 518 3234 uellet.
535 3184 608 3233 Leid.
616 3185 692 3234 Voss.
702 3188 727 3235 2.
739 3186 848 3247 Bongd.
858 3186 927 3233 Dan.
936 3193 962 3233 et
974 3186 1040 3234 l’sll.
1052 3200 1076 3233 o.
1088 3184 1208 3241 admotu

107 3248 198 3311 Βοῦς.
209 3252 233 3298 2.
244 3256 273 3299 et
283 3250 357 3298 Voss.
366 3254 391 3298 1.
407 3250 538 3304 samem·
563 3252 644 3298 ceteri
655 3250 786 3303 amonuit,
801 3248 841 3297 uel
853 3250 967 3297 admouit.
1001 3248 1115 3297 Florem.
1132 3247 1208 3297 leid.

108 3312 221 3362 vesal.
230 3318 255 3363 2.
276 3312 343 3363 Dan.
352 3312 410 3363 Pal.
423 3318 447 3361 1.
465 3320 494 3361 et
509 3310 593 3375 Bong.
603 3311 627 3360 si
637 3326 684 3375 pro
695 3313 727 3360 iis
734 3329 744 3370 ,-
768 3312 835 3361 Mer.
847 3312 893 3361 ro.
927 3312 1008 3373 Bong.
1029 3326 1086 3375 quos
1096 3312 1146 3374 ipre
1154 3328 1208 3373 per·

105 3376 230 3425 mittebat.
263 3376 379 3427 Florent.
390 3375 463 3426 Leid.
471 3376 548 3425 Voss.
560 3380 584 3425 l.
600 3388 628 3424 et
645 3376 713 3426 Dan.
721 3377 855 3438 perlaturos
865 3376 962 3441 confide,
978 3390 1108 3437 snprrscr.
1120 3383 1208 3424 tamen

105 3457 142 3497 u,·
163 3441 235 3491 Voss.
245 3444 269 3489 2.
285 3450 313 3491 et
323 3442 409 3501 Bona.
419 3442 556 3505 pestutum
565 3454 616 3488 cara
629 3438 690 3504 side.
725 3438 797 3488 blod.
817 3454 869 3503 quor
888 3440 1093 3489 sentiebant-87
1113 3440 1169 3489 Pal.
1183 3444 1205 3488 Ι.

107 3505 203 3554 itaut.
238 3504 473 3554 Pistorensium
482 3505 609 3567 Bongaex
659 3519 690 3563 o,·
716 3504 1012 3567 Vosr.2.rarrtesceptae.
1045 3504 1208 3569 Paulopost,

109 3570 232 3617 Florent.
242 3568 315 3619 bein.
328 3568 404 3618 Voss.
416 3573 440 3618 l.
452 3573 476 3617 2.
494 3568 562 3616 Dan.
580 3575 608 3616 et
645 3581 704 3629 ung.
715 3582 818 3616 umens.
834 3568 875 3617 ‘E
887 3570 969 3631 glossa
981 3582 1037 3617 essa
1049 3569 1120 3617 lraec:
1141 3570 1173 3615 Et
1185 3584 1208 3629 q.

100 3634 131 3693 s.
145 3639 166 3682 t.
178 3634 194 3681 t.
203 3649 229 3696 p.
240 3636 289 3683 te.
301 3634 388 3696 quenti,
405 3638 479 3681 recte
491 3632 556 3680 vidit
566 3630 719 3679 Acidaliae!
738 3632 882 3681 Sclmteder.
915 3632 1018 3681 Desunt
1031 3632 1055 3680 irr
1067 3631 1126 3681 edd.
1138 3632 1207 3679 'l'elt

106 3707 140 3746 et
153 3697 242 3747 Mein.
275 3698 350 3747 Voss.
362 3700 386 3745 ἱ.
397 3695 645 3756 fmnomjrrmes
652 3711 662 3752 ,·
679 3695 737 3745 Pul.
749 3695 909 3754 l.sortissimi
920 3696 1029 3746 brusa.
1061 3697 1136 3746 Voas.
1147 3700 1171 3743 l.
1181 3702 1209 3743 et

107 3760 188 3810 blod.
205 3762 362 3818 castaneum
387 3760 463 3810 Voss.
480 3764 501 3810 l.
519 3760 666 3809 scammelits
683 3759 836 3812 inritauerat.
870 3760 925 3810 Eia.
943 3769 972 3809 et
989 3761 1046 3810 alia
1064 3758 1124 3811 edd.
1146 3766 1207 3807 ante

604 3906 710 3958 NOTAE

143 4024 166 4051 ¹
184 4016 330 4083 θεοίνια]
347 4020 495 4070 Qnsnnuo
507 4020 641 4070 aliotesti·
682 4034 746 4085 qnos
767 4020 835 4069 solos
855 4017 934 4068 inisse
956 4018 1072 4067 conscios
1092 4016 1209 4068 Plrilotu

104 4093 201 4143 monio
219 4092 366 4143 confirmsri
382 4103 514 4159 poterent,
530 4096 642 4158 Hegeto-
682 4094 831 4145 iurarent
844 4094 887 4143 lib.
899 4108 938 4143 vr.
949 4108 1007 4157 cup.
1022 4097 1062 4143 ll.

103 4169 163 4220 ebo
184 4178 294 4233 mortno,
319 4170 427 4223 absente
453 4171 640 4233 Permenione3
