2925 4867
243 311 309 380 ³58
467 329 502 387 -Q
526 324 659 377 eursu
681 326 773 375 eurr
800 326 872 378 ure.
895 326 961 376 νυ.
981 326 1067 381 eur.
1088 312 1121 377 8.

245 468 337 537 eliud
364 488 541 554 superesse
562 469 715 535 leenrnm
742 468 860 535 fraude
882 466 1048 553 deceptis,
1069 488 1178 554 quern
1199 470 1346 539 honesta
1453 508 1454 525 .

245 572 359 637 monis
372 572 526 636 solatium
545 588 591 635 ex
612 571 758 635 bestium
781 570 898 635 coede’
940 570 997 635 85.
1019 570 1138 653 Ipsum
1159 568 1348 654 praevalens

243 692 351 757 equus
364 672 514 751 vehebat,
533 690 601 755 quo
622 671 751 756 seepins
771 672 805 735 in
824 676 976 735 cunees'
998 670 1220 735 barbarorum
1234 670 1349 735 etl'nsis

243 774 385 839 habenis
399 779 548 849 erectus,
561 792 681 855 magne
693 784 802 855 strege
817 792 879 837 eos
893 772 1035 837 luderet
1065 772 1134 837 Sed
1150 790 1233 837 eum
1246 790 1348 835 unum

244 892 360 939 ornnes
387 880 549 958 peterent,
576 874 692 939 multis
720 874 917 939 vulneribus
944 875 1129 955 exsanguis
1161 872 1349 957 Hypsiden

244 976 408 1057 quendem
421 994 467 1041 ex
480 974 599 1039 amicis
613 974 765 1037 bonetus
780 981 843 1053 est,
866 974 968 1039 ‘utin
979 994 1103 1059 equum
1113 992 1218 1039 snum
1229 992 1350 1039 meen-

245 1074 348 1154 deret,
370 1082 406 1141 et
429 1094 467 1141 se
489 1076 570 1157 lnge
592 1073 755 1157 eriperet!
802 1074 888 1139 Hmc
907 1082 1058 1156 egentem
1078 1074 1194 1141 anime
1210 1074 1349 1154 defecit,

157 1218 167 1231 -
246 1196 438 1263 eurpnsqne
451 1196 497 1241 ex
507 1196 597 1261 eque
612 1176 754 1242 deduxit
768 1178 803 1241 in
817 1184 948 1243 terrem·
985 1176 1038 1243 dd.
1061 1176 1245 1261 Hypsides
1256 1184 1350 1260 pete·

245 1286 299 1343 rut
319 1278 453 1363 quidem
475 1278 637 1359 effugere3
659 1275 720 1340 sed
742 1278 867 1343 emisse
889 1276 1001 1343 emico
1015 1278 1100 1341 muri
1119 1277 1262 1343 statuit:
1283 1296 1349 1342 uus

246 1386 319 1447 erut
331 1398 424 1458 curu,
439 1400 481 1445 ne
493 1379 616 1445 inultus
629 1380 813 1445 occideret.
856 1379 981 1463 ltuqne
994 1378 1138 1445 subditis
1153 1379 1347 1443 eeleeribns

245 1500 334 1565 eque
348 1482 384 1545 in
396 1480 528 1546 medios
541 1480 654 1545 bostes
667 1500 706 1545 se
717 1480 867 1557 immisit,
883 1486 919 1547 et
931 1480 1140 1545 memorabili
1153 1480 1249 1547 edite
1261 1500 1348 1564 pug-

245 1600 290 1647 ne
305 1583 446 1648 obrutus
459 1582 536 1647 telis
549 1586 614 1648 est.
649 1582 703 1647 87.
717 1580 822 1660 Quod
839 1582 896 1647 ubi
910 1583 1037 1657 ridere,
1051 1582 1110 1665 qui
1122 1582 1214 1649 ceedi
1229 1602 1347 1666 snper·

245 1690 363 1763 erent3
397 1682 561 1749 tumulum
584 1683 698 1767 peulo,
719 1702 821 1768 qnam
843 1689 966 1763 eeteru,
987 1684 1162 1749 editiorem
1183 1685 1347 1767 eupiunt:

244 1803 333 1867 ques
352 1783 564 1867 Spitamenes
585 1783 674 1851 ierne
693 1786 730 1851 in
751 1783 953 1851 deditionem
975 1786 1179 1851 subeutnrus
1201 1786 1349 1851 obsedit·

234 1883 408 1950 Cecidere
426 1904 468 1950 eo
487 1885 609 1968 prelio
629 1885 778 1971 peditum
794 1902 835 1949 rr.
849 1885 987 1965 milliu,'
1009 1902 1086 1955 een.
1100 1886 1248 1969 equites.
1292 1888 1347 1953 38.
1456 1900 1457 1943 l

246 1985 359 2065 Quum
387 1985 518 2051 eisdem
544 1984 739 2054 Alexander
764 1986 879 2053 solerti
904 1988 1047 2055 consiliu
1070 1988 1167 2065 terit,
1197 1988 1346 2055 ‘morte'
1456 1990 1457 2013 ³

246 2090 442 2215 denuntiate
466 2088 523 2167 iis,
543 2089 603 2173 qni
623 2108 668 2155 ex
692 2090 813 2175 prmliu
837 2097 1007 2169 renerent,
1035 2091 1089 2157 ‘si
1112 2099 1189 2157 ectu
1211 2090 1346 2173 uulgus-

245 2198 376 2355 senvtlrr.
398 2292 430 2356 l.
452 2291 613 2357 Ceterum
640 2310 718 2357 eum
741 2292 854 2357 animo
877 2291 1043 2377 disparem
1065 2293 1193 2359 ruitum
1216 2294 1347 2361 diutins

245 2393 328 2459 serre
340 2412 407 2457 non
421 2400 561 2478 posset;
583 2394 616 2459 in
630 2394 880 2459 tubernaculum
895 2414 998 2479 super
1010 2396 1118 2480 ripum
1134 2394 1288 2463 fluminis
1304 2398 1347 2461 de
1457 2426 1458 2431 ¹

243 2496 408 2561 industrie
434 2496 586 2561 leuatum
615 2498 765 2562 sesessit.
808 2498 840 2561 2.
867 2496 921 2563 lbi
948 2498 1022 2562 sine
1051 2498 1185 2563 erbitris
1213 2497 1348 2581 singule

703 2660 882 2683 W!

245 2744 276 2791 ⁸5
291 2742 369 2791 Vere.
379 2744 404 2792 ².
420 2746 503 2805 Νι
547 2742 632 2792 edem
641 2744 756 2791 ιιι-46
771 2740 827 2793 Ele.
839 2740 932 2807 ultique
943 2742 1064 2792 emittunt
1074 2742 1157 2793 rrsltir
1167 2752 1231 2793 rute
1244 2744 1348 2793 abest·

244 2804 296 2855 iss.
328 2806 500 2855 Florentia
529 2806 695 2856 .Vess.l.2
711 2804 779 2853 lien.
799 2804 1348 2870 Beng.Vener.Veron-Mediol.vet.su.

245 2871 318 2920 1474.
335 2868 396 2919 Aid·
415 2870 496 2920 enlin.
517 2871 620 2934 Gryplr.
635 2870 694 2919 B'rs.
710 2876 739 2918 et
754 2870 822 2919 bier.
840 2871 969 2935 euspicium
983 2872 1108 2935 quadem,
1127 2872 1224 2921 emisse
1242 2874 1347 2921 nemine

245 2932 387 2999 Hypsidem
413 2933 470 2984 Pri.
492 2938 515 2984 1.
541 2934 630 2993 hebet,
653 2932 782 2997 suspiciens
806 2933 947 2999 Hypsidem.
982 2935 1059 2985 Voss.
1078 2938 1103 2985 2.
1120 2950 1188 2999 quen
1203 2952 1238 2986 ex
1254 2938 1347 2986 asside.

245 2996 329 3047 Pente
346 3007 414 3062 pust,
433 2998 500 3049 bier.
518 2998 597 3048 urium
615 2998 705 3063 dejicit.
738 2998 813 3047 Voss.
823 3002 848 3047 1.
865 3014 896 3049 rx
904 3014 948 3063 quo
958 2998 1136 3063 defluxit—⁸?
1153 3000 1229 3049 vers.
1244 3004 1268 3051 Ι.
1287 3002 1348 3051 liis·

241 3060 327 3125 pidem·
344 3062 386 3111 elli
400 3062 533 3125 Hipsidm
552 3062 664 3113 Florent.
686 3059 759 3111 netu.
771 3070 799 3110 et
812 3062 896 3127 Bnng·
913 3062 1045 3127 limen.
1081 3064 1151 3113 Pitb.
1171 3064 1234 3113 suen*
1252 3066 1349 3129 quiden

244 3130 302 3175 stet.
335 3127 410 3177 Ptm,
420 3126 504 3191 song.
517 3132 541 3175 l.
553 3135 580 3175 et
591 3126 649 3176 Pri.
662 3131 685 3176 l.
702 3126 856 3177 recideretur.
890 3126 1004 3178 morant.
1016 3126 1089 3177 Leid.
1101 3134 1129 3179 et
1139 3128 1217 3177 Vnus·
1227 3133 1251 3179 l.
1262 3130 1346 3180 bais.

244 3188 320 3240 Voss.
330 3193 355 3239 2.
371 3206 396 3240 re
406 3190 549 3241 misit-ts
565 3191 639 3240 vers.
647 3194 672 3239 2.
683 3196 712 3239 et
722 3188 776 3238 Ele.
787 3190 828 3253 qni
839 3192 902 3240 eaede
911 3197 1059 3255 supererunt.
1092 3190 1163 3241 Pith.
1178 3200 1206 3242 et
1224 3192 1282 3242 Bnu
1303 3198 1348 3246 .1.

244 3256 370 3303 unum
388 3268 436 3319 pro
446 3254 571 3304 tensius.
603 3254 660 3304 Pul.
671 3254 695 3302 l.
705 3254 806 3304 emittit
822 3254 848 3303 s'sr
863 3256 1079 3305 deditionem—89
1094 3254 1153 3307 Psi.
1166 3261 1190 3307 1.
1211 3256 1241 3305 l'.
1279 3258 1286 3269 ”
1309 3258 1316 3269 “
1337 3274 1346 3315 ,-

243 3316 328 3379 Bonp.
341 3318 379 3368 11.
392 3319 477 3368 nium.
510 3320 586 3369 Vere.
598 3323 624 3369 2.
642 3318 820 3369 llrseeiedm.
844 3318 958 3369 Florem.
970 3319 1045 3368 Leid.
1055 3320 1132 3370 Voss.
1144 3324 1169 3371 i.
1180 3323 1205 3371 2.
1221 3318 1309 3387 Bnng.
1318 3330 1347 3371 et

244 3380 315 3431 Mer.
331 3384 472 3432 desudate
483 3384 529 3431 iis.
554 3382 629 3433 Leid.
639 3382 714 3431 Voss.
727 3386 751 3431 l.
762 3386 786 3431 2.
797 3389 825 3432 et
836 3382 919 3448 Rung.
930 3384 1083 3433 memus.

253 3462 258 3469 ·
277 3447 290 3493 1
308 3445 383 3494 Voss.
396 3450 419 3497 1.
435 3447 461 3495 is
472 3448 628 3497 tabennesio.
662 3446 729 3495 Edd.
741 3447 827 3509 vnqu.
839 3454 899 3496 rnre
912 3448 1028 3499 Freinrlr.
1038 3460 1109 3512 sepse
1120 3448 1215 3511 ripum
1226 3448 1347 3501 merear.

244 3507 319 3559 laeid.
329 3510 407 3561 vers.
419 3516 443 3560 l.
453 3515 480 3561 2.
490 3510 534 3561 ulii
545 3518 572 3561 et
584 3508 645 3561 edd.
654 3516 767 3561 recentt.
777 3524 847 3575 rupes
856 3511 991 3577 ripum-²
1008 3511 1095 3562 Amet.
1106 3512 1206 3562 mritis
1214 3518 1347 3578 pessuds.

736 3654 844 3709 Nom

274 3774 287 3799 ¹
305 3766 409 3831 Crem]
425 3767 563 3819 ‘Cuneus'
577 3767 643 3819 ueiel
653 3767 773 3831 ferrum
813 3770 881 3821 Vide
893 3770 1007 3833 Lipsium
1020 3769 1054 3820 de
1064 3770 1144 3821 liiiit.
1158 3770 1234 3822 Rern.
1249 3772 1296 3823 lib.
1308 3788 1348 3823 rr.

243 3840 355 3892 ‘cuneo'
366 3842 399 3891 ub
410 3840 500 3907 ligure
511 3844 640 3907 quendem
652 3846 772 3895 similitu·
812 3847 883 3897 Diri.
898 3851 924 3899 7.
951 3847 1041 3897 Latius
1059 3848 1213 3913 quaudoque
1231 3850 1348 3901 sumitur

242 3916 329 3967 dinem
347 3931 442 3967 nemen
457 3917 565 3981 imbuit,
581 3920 649 3984 qued
667 3921 694 3970 in
712 3936 773 3971 ruu-
813 3938 860 3987 pre
872 3922 987 3989 quelibet
998 3924 1064 3979 sele,
1075 3923 1162 3973 utbue
1174 3925 1241 3975 lero.

242 4000 297 4041 tum
312 3992 441 4057 desinens,
460 4010 512 4059 qus
530 3996 629 4047 bostem
650 3999 772 4063 respicie-
844 4006 861 4033 ⁸¹
878 3998 917 4049 11.
928 3998 1016 4062 mltis]
1032 3998 1100 4048 Vide
1113 4013 1171 4063 esp.
1182 4005 1207 4049 u.
1234 4000 1281 4049 Ait
1294 4001 1346 4050 Ar·

242 4066 297 4127 brt,
312 4069 405 4117 sensim
417 4070 510 4120 deinde
526 4079 670 4135 cresceret,
683 4089 713 4123 ee
728 4088 773 4125 eu·
812 4072 898 4123 rienes
918 4087 951 4123 ex
972 4075 1041 4124 omni
1060 4088 1167 4125 numero
1183 4076 1286 4141 equites
1301 4080 1346 4127 441.

242 4142 286 4192 uel
311 4143 387 4193 mede
413 4144 508 4195 berrite
533 4162 626 4212 rpmeu
651 4147 771 4201 dederet.
811 4148 1126 4215 pestilentissimum.
