2925 4867
237 364 304 430 120
632 377 662 428 r.
687 377 939 428 rnsrnsrrrtnrr

238 521 331 582 ander
351 539 370 579 a
392 520 535 580 Minervas
556 520 627 580 lano
651 520 803 600 digressus
824 520 964 580 Arisbeut
985 518 1139 600 prooessit,
1160 517 1211 577 ubi
1232 527 1326 577 castra

237 619 389 678 habebunt
403 616 596 690 Macedones,
606 618 658 697 qui
671 636 739 678 cum
755 615 948 678 Parmenione
962 614 1147 676 transierant.
1192 617 1240 674 ts.
1255 614 1325 673 Pos-

239 725 303 773 tero
316 713 365 773 die
379 722 485 793 preter
499 713 644 776 Percoten
666 724 696 773 et
718 715 902 794 Lampsacon
917 711 956 772 ad
975 709 1123 770 Praetium
1136 709 1245 770 llumeu
1259 729 1327 770 con·

239 808 352 877 tendit:
374 809 455 887 quod
480 828 517 870 ex
540 808 630 869 ldreis
656 809 807 870 montibus
829 819 936 880 ortum,
958 807 1191 884 Lampsacenum
1211 805 1328 885 Abyde-

239 924 370 985 nnmque
397 923 501 983 agrum
528 903 698 978 interfluit,¹
722 903 830 966 deiude
856 902 1005 984 paulisper
1026 901 1064 960 sd
1087 900 1327 981 septemtrionem

238 999 358 1072 flexum,
373 1001 403 1060 iu
420 1001 631 1080 Propontidem
645 1001 716 1060 exit.
760 1002 807 1060 ll.
830 997 903 1060 lude
919 998 1091 1058 Hermotnm
1106 1006 1328 1077 pretergressus

239 1115 301 1168 rex,
325 1096 365 1156 ud
392 1095 523 1158 Celonas
546 1095 642 1169 duxit,
661 1096 692 1156 in
719 1094 940 1156 mediterraneis
964 1094 1230 1173 Lampsacenorum
1246 1093 1328 1152 situur

240 1191 391 1271 oppidum.
436 1193 580 1253 Omnibus
595 1192 659 1253 istis
676 1193 705 1252 in
720 1191 902 1254 deditionem
914 1190 1044 1268 acceptis
1057 1193 1138 1264 (nero
1149 1203 1181 1250 et
1194 1189 1330 1270 Lampsu-

241 1286 323 1347 cenis
338 1289 503 1368 ignoverat)
524 1286 711 1368 Peuegorum
724 1287 815 1362 misit,
828 1289 880 1368 qui
896 1285 1107 1366 Priapenorum
1120 1285 1232 1357 urbem,
1245 1303 1329 1364 quam

241 1383 349 1443 incole
364 1383 525 1458 dedebant,
538 1385 701 1464 reciperet:
726 1388 773 1446 15.
787 1386 931 1464 Amyntas
946 1383 1076 1443 Arraboei
1087 1381 1164 1442 filius
1178 1399 1247 1440 cum
1261 1395 1331 1458 qua·

241 1488 309 1544 tuor
321 1491 542 1542 antecursorum
563 1482 677 1553 turmis,
695 1501 757 1542 uns
769 1479 1002 1561 Apolloniatum,
1024 1497 1113 1558 quam
1129 1477 1268 1538 Socrates
1280 1475 1332 1534 du·

242 1575 339 1647 eebat,
350 1576 534 1656 speculatum
544 1576 586 1638 ire
589 1578 693 1656 jussus
707 1588 772 1646 eat:
787 1578 896 1657 quippe
906 1576 1008 1636 hostes
1019 1574 1047 1634 iu
1060 1574 1226 1654 propinquo
1236 1587 1332 1630 veras-

241 1671 361 1743 bantur,
372 1691 486 1733 surnnra
500 1672 688 1755 solicitudine
701 1692 833 1752 curaque
847 1671 956 1732 bellum
967 1671 1158 1730 instruentes.
1193 1669 1241 1727 16.
1256 1669 1333 1726 Inter

241 1785 295 1826 eos
309 1769 351 1826 rei
372 1768 507 1828 militaris
527 1769 633 1848 peritia
653 1769 743 1848 louge
762 1769 910 1830 eminebat
931 1767 1092 1828 Memnon:
1117 1765 1142 1824 is
1156 1781 1334 1843 magnopere

242 1853 413 1936 suadebat,¹¹
428 1873 481 1923 ‘ut
499 1863 729 1936 retrocedentes,
752 1884 839 1927 omne
853 1861 934 1944 quod
953 1861 1019 1923 usui
1040 1861 1174 1922 hostibus
1187 1877 1255 1920 esse
1269 1877 1333 1936 pos.

241 1966 298 2030 set,
317 1957 407 2038 longe
425 1959 544 2039 lateque
565 1970 804 2039 corrumperent:
833 1957 974 2040 quicquid
1002 1958 1031 2018 in
1056 1975 1162 2036 campo
1184 1953 1332 2015 herbidum

110 2121 117 2130 ¹
242 2064 333 2127 esset,
357 2054 491 2133 equitatu
514 2055 742 2124 conculcarent:
766 2056 849 2117 vicos
872 2056 1018 2132 urbesque
1041 2051 1244 2121 incenderent,
1267 2051 1336 2112 nibil

242 2161 350 2230 prater
363 2150 476 2210 nudum
498 2152 595 2212 solum
618 2152 757 2212 relicturi.
803 2155 851 2210 17.
873 2149 929 2210 Vix
945 2150 1031 2210 unius
1047 2148 1157 2209 mensis
1170 2159 1334 2208 commeatu

242 2246 419 2305 instructum
433 2245 551 2306 venisse
567 2247 774 2320 Macedonem,
792 2244 933 2325 deinceps
947 2254 1032 2324 rapto
1046 2245 1208 2305 victurum:
1230 2261 1268 2304 es
1287 2263 1337 2306 cu·

241 2340 294 2420 pia
314 2340 340 2398 si
365 2340 515 2420 eripiatur,
535 2341 617 2401 breti
638 2361 822 2404 recessurum
843 2361 928 2402 esse:
950 2343 991 2401 ita
1010 2360 1102 2420 parvo
1121 2342 1271 2422 impendio
1284 2341 1339 2402 toti

243 2435 324 2494 asie
339 2435 466 2496 salutem
479 2437 583 2514 quaeri.
627 2441 675 2500 ts.
695 2439 791 2500 'lbiste
804 2437 835 2498 id
849 2436 986 2518 quidem:
1001 2436 1099 2498 sedin
1114 2438 1192 2497 omni
1208 2439 1340 2518 negotio,

243 2529 294 2589 ubi
308 2530 469 2610 periculum
482 2532 644 2606 immineat,
667 2533 698 2594 id
717 2544 851 2615 spectare
871 2531 1043 2614 prudentes,
1063 2543 1204 2612 utquam
1219 2533 1341 2596 minimo

244 2623 356 2693 damno
370 2619 588 2706 defungantur:
616 2629 659 2688 its
673 2628 816 2700 medicos,
830 2627 855 2688 si
873 2635 1008 2706 correpta
1021 2637 1103 2706 parte
1116 2629 1247 2708 eorporis
1263 2649 1341 2690 mor·
1456 2639 1457 2644 ’

244 2721 315 2780 bum
329 2723 359 2780 iu
373 2732 489 2782 ceteras
502 2722 633 2803 transjici
647 2724 777 2798 rideant,
791 2725 880 2784 unius
894 2723 1014 2784 membri
1031 2724 1149 2803 jacturu
1170 2744 1223 2805 pro
1236 2725 1344 2805 reliqui

245 2817 375 2896 corporis
389 2816 591 2878 incolumitate
601 2819 722 2898 pneisci.
762 2821 808 2880 19.
823 2819 928 2898 Neque
942 2817 972 2878 id
986 2818 1051 2878 sina
1064 2818 1344 2897 exemplolactums

247 2911 366 2971 Persas.
408 2913 457 2973 Sic
479 2911 549 2972 olim
574 2913 696 2983 Darium
720 2933 819 2993 regern
840 2914 922 2992 ipsas
946 2911 1014 2973 illas
1035 2913 1170 2991 regiones
1192 2917 1346 2998 urbesque

247 3007 424 3079 cantavisse,
438 3028 477 3067 ue
496 3009 616 3088 Scythis
638 3007 735 3070 isthac
756 3008 921 3070 transituris
944 3019 1079 3092 receptus
1096 3017 1185 3070 esset.
1227 3013 1278 3074 20.
1302 3015 1348 3074 As

246 3102 272 3160 ai
285 3104 387 3183 prrelio
404 3103 630 3176 contenderent,
648 3104 686 3165 de
700 3117 816 3164 summe
834 3123 930 3166 rerum
945 3101 1038 3163 alsam
1048 3102 1119 3181 jaci.
1141 3103 1235 3182 pulsis
1250 3109 1347 3170 semel
1456 3139 1457 3146 .

247 3197 357 3272 Persis,
370 3219 488 3260 omnem
512 3217 578 3260 enm
604 3218 686 3261 oram
705 3199 868 3260 Alexandri
882 3201 963 3260 iore:
986 3199 1112 3260 victores
1127 3198 1200 3259 nibil
1214 3203 1348 3281 amplius

246 3291 410 3356 babituros.
453 3300 504 3357 21.
525 3296 631 3375 Neque
649 3295 768 3356 hercule
790 3315 913 3376 parrum
936 3294 1093 3354 discrimen
1112 3295 1282 3374 impendere
1306 3303 1350 3360 ob

176 3414 180 3422 .
246 3389 305 3449 sim
328 3391 531 3452 Macedonicae
554 3391 725 3472 phalangis,
745 3393 794 3452 cui
815 3411 901 3452 suum
915 3390 1089 3470 peninum,
1102 3411 1271 3471 quenquam
1288 3415 1348 3455 nu·
1456 3427 1457 3492 p

246 3504 328 3544 mero
354 3486 544 3564 superiorem,
572 3486 681 3548 trustra
704 3487 867 3566 opposituri
894 3497 1004 3546 essent.
1045 3488 1095 3547 22.
1117 3487 1214 3566 Ipsius
1233 3489 1350 3552 deinde

246 3581 326 3659 regis
340 3582 527 3659 pssesentiam
540 3580 621 3641 baud
635 3601 739 3661 pamm
753 3583 850 3644 valere
864 3582 903 3642 ad
917 3581 1086 3648 victorium:
1108 3583 1254 3644 stimulari
1267 3585 1351 3646 mili·
1456 3565 1457 3636 Ᾰ

245 3685 293 3735 tes
307 3694 371 3756 spe,
385 3674 508 3755 pudore,
523 3675 627 3756 gloria,
642 3677 671 3736 iu
685 3688 847 3759 conspectu
862 3678 1045 3758 imperatoris
1059 3677 1252 3740 dimicantes:
1273 3703 1351 3761 quse

247 3775 347 3832 omnia
360 3773 504 3834 habereut
517 3773 717 3844 Macedones:
732 3775 805 3855 ipsis
820 3774 925 3834 ebesse
939 3773 1072 3834 Dorium.
1115 3777 1165 3834 23.
1187 3776 1350 3838 Neminem

247 3870 407 3948 ambigere,
432 3869 502 3949 quin
527 3869 638 3930 bellum
660 3871 690 3929 in
716 3869 813 3930 eliens
834 3879 912 3928 terra
934 3887 1034 3947 gerere
1053 3879 1185 3950 proestet,
1201 3891 1292 3950 quam
1314 3875 1350 3933 in
1456 3947 1457 3950 Ἴ

247 3982 325 4026 sus:
346 3963 378 4024 id
391 3965 578 4027 commodum
597 3963 768 4046 adepturos,
782 3964 807 4025 si
829 3963 985 4024 consilium
1000 3983 1085 4026 suurn
1101 3967 1195 4025 secuti
1209 3965 1246 4028 de
1260 3967 1351 4030 inva-

278 4128 286 4164 ¹
303 4129 408 4180 Antan.
418 4145 438 4180 s.
450 4135 490 4181 ts.
848 4137 861 4165 ¹
886 4130 988 4182 Arrlsu.
1007 4144 1027 4182 r.
1059 4134 1097 4182 tt.
1125 4131 1203 4185 Diod.
1224 4133 1352 4202 ussup.

280 4213 299 4243 ¹
314 4205 400 4258 Strsb.
414 4218 476 4258 xrsr.
486 4205 541 4258 init.
816 4211 875 4260 iil.
