2925 4867
327 442 459 492 surra.
485 441 525 492 ru
550 445 583 504 o.
609 441 785 494 cunutus
811 446 881 494 nin.
905 447 946 494 rr.
1119 429 1182 495 lat

80 584 110 640 ⁷.
131 581 166 642 ld
178 569 271 642 unum
279 587 342 663 regi
354 603 390 643 ex
406 585 552 645 sententia
564 586 746 647 successisse
761 591 895 666 negaras
905 605 973 646 curn
987 595 1101 646 ceteros
1118 587 1182 666 ejus
1196 581 1201 586 ’

81 689 208 740 conatos
223 680 345 741 fortuna
358 682 444 742 enixe
454 682 588 762 juraret:
601 684 730 763 abiitque
746 703 792 743 res
808 684 837 742 in
852 683 1033 762 religionem,
1047 691 1056 718 ⁶
1068 702 1122 742 nec
1136 684 1182 742 sas

79 793 147 835 esse
160 777 358 839 mortalibus'
377 780 576 840 existimatum
591 789 649 852 cst,
668 787 806 840 ‘mutate
828 779 942 850 faciem,
962 797 1049 857 quarn
1076 787 1183 838 natura

78 872 155 931 locis
167 871 309 933 indiderit
321 873 341 933 :’
363 874 466 954 utique
479 887 639 955 postquam
655 875 728 936 alios
744 875 851 936 similia
865 875 983 935 molitos
996 874 1105 954 ubique
1115 895 1182 936 suc·

77 983 184 1027 cessus
206 967 352 1031 destituit.
395 972 425 1031 8.
448 970 644 1031 Clazomenas
663 982 764 1032 tamen
787 971 864 1032 mole
879 971 1003 1031 duorum
1018 970 1182 1034 stadiorum

79 1073 206 1143 aggesta
216 1066 379 1126 continenti
389 1065 500 1147 junxit,
515 1084 589 1146 quas
604 1067 675 1126 olim
689 1079 770 1128 metu
784 1067 941 1128 Persarum
956 1069 1136 1129 Clazomenii
1151 1069 1181 1127 in

80 1162 211 1221 insulam
236 1163 474 1224 naustoleraut‘
513 1162 573 1224 Sed
598 1163 663 1224 hose
685 1163 806 1243 quidem
830 1183 919 1244 opera
932 1163 1020 1245 regiis
1034 1163 1181 1244 praelectis

83 1260 246 1319 commissa
260 1269 339 1321 sunt.
362 1261 393 1320 9.
416 1261 495 1340 lpse,
509 1259 661 1347 sacrificiis
676 1261 788 1342 Ephesi
802 1261 956 1340 magnifice
970 1263 1136 1348 celebratis,
1150 1263 1180 1321 in

76 1357 222 1416 honorem
242 1355 317 1416 Dese
338 1376 406 1417 cum
429 1356 567 1417 uniuerso
581 1355 722 1428 exercitu,
737 1355 787 1436 qui
802 1355 915 1429 aderat,
929 1357 959 1416 in
974 1355 1061 1420 armis
1076 1355 1184 1418 decor-

78 1453 117 1511 rit
129 1450 164 1520 ς’·
186 1461 306 1532 postero
325 1451 434 1514 deinde
458 1453 504 1515 die
527 1471 595 1514 cum
614 1453 750 1533 peditatu
765 1471 854 1532 quem
869 1471 969 1513 secum
983 1453 1122 1526 habebat,
1133 1473 1181 1514 as-

78 1547 186 1608 sumtis
200 1548 346 1608 Thracum
360 1549 523 1628 equitibus,
536 1559 567 1609 et
577 1559 704 1629 quatuor
718 1547 877 1609 amicorum
892 1550 1005 1620 turmis,
1018 1549 1094 1610 inter
1107 1569 1182 1630 quas

77 1645 203 1724 attegia
216 1655 290 1717 erat,
304 1645 441 1705 Miletum
455 1644 619 1706 contendit.
664 1646 712 1706 10.
735 1643 852 1726 Quippe
868 1643 1091 1725 Hegesistratus
1105 1665 1183 1724 prre-

78 1739 148 1801 sidii
156 1741 325 1820 praelectus,
339 1741 430 1803 literis
444 1740 483 1801 ad
498 1758 566 1801 eum
579 1740 689 1813 missis,
700 1759 784 1821 spem
793 1741 952 1802 deditionis
964 1739 1073 1802 lecerat
1085 1737 1108 1800 :¹
1128 1739 1184 1801 aed

77 1849 239 1917 postquam
252 1837 409 1898 Persarum
424 1837 551 1899 classem
563 1839 593 1899 in
608 1837 775 1918 propinquo
788 1841 897 1898 uersari
911 1846 1101 1918 cognoverat,
1116 1855 1180 1896 mu-

79 1945 144 1994 tata
158 1935 307 1997 sententia
319 1933 462 2014 oppidum
484 1935 579 1996 Dario
590 1950 765 1996 conservare
780 1934 938 1996 nitebatur.
984 1933 1030 1994 11.
1053 1933 1130 1992 Nam
1152 1944 1183 1992 et

76 2038 296 2091 commeatuum
309 2030 505 2110 telorumque,
519 2041 550 2091 et
565 2031 590 2090 si
604 2049 664 2112 qua
677 2029 737 2089 alia
751 2029 789 2090 ad
801 2029 985 2090 tolerandam
995 2025 1187 2089 obsidionem

77 2127 277 2208 requiruntur,
302 2145 441 2207 magnam
464 2127 593 2187 babebat
616 2127 751 2208 eopiam3
772 2139 803 2187 et
816 2135 1068 2207 propugnatorum
1084 2125 1180 2184 multi·

77 2224 182 2283 tudine
197 2223 390 2283 abundabat:
412 2223 483 2302 quia
497 2221 665 2295 Memnon,k
684 2241 752 2282 cum
767 2241 804 2283 ex
818 2222 921 2302 prelio
935 2219 1069 2282 Miletum
1084 2223 1181 2301 perih-

77 2321 181 2400 gisset,
192 2320 293 2380 multis
307 2320 348 2380 ibi
362 2338 482 2380 suorum
497 2319 607 2380 relictis
620 2319 790 2401 prmsidiunr
805 2321 980 2380 firmaverat.
1025 2317 1073 2379 ta.
1088 2319 1183 2400 igitur

77 2417 188 2478 infesto
203 2415 323 2496 agmine
338 2433 528 2495 suggressus,
540 2416 712 2476 exteriorem
724 2417 836 2487 urbem,
850 2427 885 2476 ut
897 2415 953 2497 ipsi
967 2415 1125 2487 uocabant,
1145 2435 1182 2476 ex

76 2513 181 2573 itinere
195 2512 296 2592 cepit:
317 2531 387 2572 nam
401 2510 544 2592 oppidani
557 2510 736 2592 militesque,
751 2531 789 2572 nc
802 2511 878 2573 vires
894 2523 1075 2592 spargerent,
1091 2513 1121 2572 in
1137 2514 1181 2572 in-

3 2636 4 2639 *
78 2611 214 2669 teriorern
229 2607 332 2670 urbem
345 2618 567 2680 concesserant,
582 2604 722 2667 auxilium
735 2625 866 2679 suorum,
887 2607 968 2688 quod
983 2607 1063 2668 haud
1079 2611 1182 2688 procul

78 2707 184 2766 abesse
201 2705 351 2777 rebantur,
364 2702 534 2784 opperituri.
578 2704 625 2764 1³.
648 2702 757 2764 Verum
771 2719 877 2763 sanam
892 2703 1126 2782 expectationem
1139 2705 1182 2764 fe·

75 2802 116 2861 cit
129 2799 337 2862 Macedonicas
350 2798 456 2859 classis
471 2798 636 2868 adrentus,¹
657 2815 725 2877 quse
751 2797 899 2860 Nicanore
922 2799 999 2859 duce
1021 2797 1121 2860 Laden
1137 2801 1182 2860 in-

78 2895 175 2957 sulam
202 2913 293 2975 supra
308 2893 449 2956 Miletum
475 2897 563 2955 sitam
577 2895 754 2976 occupauit:
776 2893 884 2955 deinde
897 2913 966 2962 com
975 2895 1038 2974 jam
1052 2895 1181 2956 hostiurn

78 2994 185 3060 classis
200 2991 240 3052 ad
255 2990 395 3073 Mycalen
409 3001 539 3051 montem
554 2990 690 3063 haereret,
702 2991 799 3070 ipsum
813 2989 997 3051 Milesiorum
1011 3001 1127 3070 portum
1139 2991 1183 3050 in-

78 3109 184 3169 gressa
205 3089 319 3150 Persici
333 3086 434 3148 auxilii
449 3107 533 3167 spem
546 3087 705 3169 oppidanis
721 3087 841 3148 ademit.
885 3085 932 3148 14.
957 3085 1063 3167 Neque
1084 3089 1182 3167 prohi-

78 3189 191 3247 bsbaut
199 3185 503 3265 barbari,quanquam
512 3204 636 3245 numero
646 3184 764 3245 nanum
774 3182 1182 3264 longeptaestarsnnquippe

79 3283 283 3362 paulominus
297 3280 523 3362 quadringentis
538 3277 698 3354 habebant,
716 3299 785 3341 cnm
809 3279 939 3340 Nicanor
962 3290 1077 3340 tanturn
1098 3299 1182 3341 sexa·
1228 3312 1233 3320 ι

78 3381 166 3461 ginta
182 3383 281 3462 'sopra
299 3387 418 3437 centurn
445 3373 652 3437 adduxisset.¹²
695 3379 742 3436 15.
764 3377 880 3437 luteres
902 3375 1086 3456 Glaucippus
1101 3375 1182 3455 prin·

79 3493 154 3555 ceps
167 3473 293 3535 civitatis
308 3473 346 3533 ad
362 3470 564 3532 Alexandrum
586 3473 709 3544 missus,
728 3471 833 3552 petito,
854 3479 909 3531 ‘ut
923 3471 1023 3532 urbem
1036 3480 1067 3530 et
1080 3485 1183 3551 portus

79 3569 296 3632 Macedonibus
310 3567 469 3648 Persisque
484 3585 656 3630 communes
670 3587 739 3629 esse
753 3567 923 3649 pateretur:
932 3573 945 3599 ⁰
965 3568 1048 3628 triste
1060 3587 1182 3649 respon·
1259 3585 1263 3591 ·

78 3685 149 3729 snm
163 3667 311 3739 retulerat,
332 3663 421 3725 ‘Non
437 3685 470 3726 se
493 3665 611 3726 venisse
628 3664 658 3725 in
674 3665 788 3737 Asiam,
812 3675 846 3724 ut
865 3663 1012 3744 acciperet
1030 3663 1110 3743 quod
1134 3664 1183 3725 alii

79 3761 297 3830 concederentz
318 3760 372 3821 sed
386 3771 420 3821 ut
444 3760 571 3840 quisque
588 3757 710 3821 haberet
730 3759 811 3840 quod
831 3758 895 3838 ipse
916 3757 1104 3838 reliquisset:
1126 3758 1182 3816 ita·

79 3878 143 3938 qne
154 3859 261 3918 scirent
271 3857 403 3918 omnium
425 3857 609 3918 fortunarum
633 3855 783 3917 arbitrium
800 3853 911 3914 meliori
933 3851 1180 3933 pennittendum;

114 4063 292 4119 ‘Pantanus
320 4064 448 4118 Herod-r.
459 4067 516 4117 ttt.
685 4060 698 4094 ¹
713 4057 792 4110 Diod.
802 4059 853 4111 Sic.
864 4069 936 4110 xvrr.
946 4069 973 4122 p.
984 4059 1042 4107 611.

115 4151 132 4186 s
148 4141 214 4194 Plio.
226 4145 245 4194 1.
258 4145 276 4194 Ι.
686 4136 693 4169 ¹
708 4135 812 4185 Antan.
824 4135 841 4186 Ι.
852 4135 870 4183 1.

115 4217 131 4251 ⁵
148 4216 246 4270 Arrisn.
258 4233 277 4270 r.
289 4220 328 4270 19.
669 4237 672 4243 ‚
686 4219 703 4244 Ι·
720 4209 761 4260 Id.
773 4211 791 4261 l.
804 4211 821 4261 Ι.

118 4291 180 4345 ¹1d.
190 4296 206 4346 1.
217 4296 234 4345 Ι.
684 4293 697 4318 ¹
713 4285 754 4336 ld.
768 4299 787 4336 1.
798 4289 839 4336 111.
864 4285 958 4336 senec.
970 4281 1053 4348 Epist.
1066 4289 1105 4336 tt.
1120 4289 1159 4336 1⁰.
