2925 4867
273 345 338 414 128
663 358 695 408 s.
719 357 969 408 santuanensi

271 503 477 586 asperimontis
495 501 647 582 cognorit,
667 501 862 564 admiratione
874 497 990 562 virtutis
1006 499 1048 560 ita
1060 497 1161 570 coluit,
1172 506 1206 558 ut
1217 515 1286 558 com
1300 503 1359 575 post

271 619 406 661 eversum
427 599 509 660 Darii
529 597 686 677 imperium
702 597 800 658 animo
818 597 926 668 elatus,
949 595 1095 656 neminem
1112 593 1176 673 jam
1189 592 1287 654 salute
1300 592 1358 671 dig-

272 706 400 768 naretur,
420 696 560 776 adquam
574 695 739 762 scribebatr
762 693 898 754 eximium
912 712 980 753 eum
999 691 1140 752 bonorem
1161 688 1279 750 dnobus
1301 697 1359 748 tsn·

273 801 347 863 tum,
359 792 515 870 Antipatro
527 799 559 850 et
571 788 714 850 Pboeiooi
728 786 886 850 hebuerit*¹
915 789 967 848 20.
988 786 1117 848 Constat
1126 785 1194 846 huie
1206 783 1360 864 aliquando

272 899 392 948 centum
412 887 527 946 talenta
547 885 627 946 dono
650 885 768 945 misisse
792 891 932 964 ragemr'*
953 881 1061 944 deinde
1085 881 1235 962 optionem
1261 879 1360 940 fecisse

271 986 350 1044 inter
366 993 492 1063 quatuor
512 981 594 1042 haud
614 981 760 1061 ignobiles
781 979 862 1040 Asiae
883 980 970 1040 urbes
990 998 1079 1038 unam
1099 977 1240 1058 eligendi.
1284 977 1361 1048 Cius,

273 1079 367 1153 Elea,
385 1079 578 1159 Mylassaqne
594 1087 625 1138 et
639 1069 792 1156 Gergetho
805 1076 905 1136 luere:
927 1074 1048 1154 quidam
1062 1075 1165 1134 ultimo
1179 1073 1244 1134 loco
1259 1073 1363 1134 Patara

273 1175 436 1237 nominant.
477 1175 528 1234 21.
549 1175 590 1234 At
609 1172 658 1233 ille
678 1171 750 1232 nihil
769 1171 873 1232 horum
898 1171 1031 1250 accepit:
1053 1169 1106 1232 sed
1129 1189 1167 1230 ne
1187 1169 1263 1230 tenti
1290 1170 1361 1248 regis

273 1271 431 1331 amicitiam
443 1269 596 1330 fastidiose
616 1257 763 1348 sprevisse
781 1265 941 1339 videretur,
964 1265 1089 1347 petiit,.,‘
1101 1275 1134 1325 ut
1159 1264 1362 1328 Echecratides

272 1365 418 1447 sophista,
428 1378 458 1426 et
468 1363 677 1426 Athenodorus
687 1363 823 1435 lmbriue,
836 1383 904 1424 cum
918 1362 1077 1424 Demarato
1090 1361 1275 1442 etSpartone
1286 1359 1363 1422 libo-

273 1462 353 1534 diis,’
373 1463 473 1543 quiin
493 1481 561 1522 arce
581 1460 727 1521 Sardiano
747 1459 856 1540 captivi
877 1461 1062 1534 tenebantur,
1083 1456 1243 1520 ‘custodia
1263 1457 1364 1518 libers·

272 1559 412 1620 rentur.’⁸’
452 1560 503 1618 22.
532 1557 593 1618 Sed
613 1557 680 1616 brac
701 1557 732 1614 irs
754 1575 882 1636 sequena
908 1565 1024 1634 tempus
1047 1571 1220 1616 excurrere:
1241 1563 1306 1614 tum
1326 1551 1365 1620 ad

275 1655 424 1735 Ephesum
436 1654 509 1713 itum
523 1663 595 1723 est,q
615 1671 705 1732 quam
718 1663 843 1734 accepto
856 1651 950 1714 cladis
962 1651 1091 1714 Persica
1105 1651 1207 1710 nuntio
1218 1648 1368 1732 praesidia·

272 1751 307 1810 rii
320 1749 520 1817 deseruerant,
542 1747 658 1808 duabus
673 1746 867 1829 Ephesiorum
882 1747 1047 1808 triremibus
1065 1746 1169 1808 avecti.
1209 1743 1282 1806 Erat
1294 1744 1367 1804 inter
1456 1747 1457 1750 ’

272 1864 326 1906 eos
348 1846 495 1922 Amyntas
516 1843 654 1903 Antiochi
667 1842 766 1916 filius,'
786 1843 886 1923 quiex
901 1842 1079 1902 Macedonis
1092 1841 1273 1922 profugerat,
1287 1840 1369 1900 nulla

273 1939 393 2022 quidem
407 1939 511 2019 injuria
524 1937 660 2010 affectus,
672 1937 728 1998 sed
737 1937 988 2018 quodpericuium
999 1957 1017 1998 a
1028 1957 1097 2017 rega
1105 1947 1247 1998 metuerat
1259 1956 1267 1996 ι
1281 1955 1368 2015 quem
1456 1945 1457 1948 ’

272 2034 480 2116 quiainsisum
494 2051 675 2112 crocumque
688 2033 827 2106 habebat,
838 2032 916 2094 illius
932 2033 1106 2094 aoimumex
1117 2051 1171 2095 suo
1182 2032 1370 2092 metiebatur.
1456 2101 1457 2132 ,

274 2134 323 2192 23.
352 2132 466 2201 Quarto
491 2140 650 2210 postquam
673 2128 817 2190 Sardibus
841 2131 982 2192 movisset
1000 2129 1059 2201 die,
1084 2129 1235 2210 Ephesum
1260 2126 1372 2188 introiit
1456 2135 1457 2138 ’

273 2226 466 2288 Alexander:
498 2223 700 2303 restitutisque
727 2225 874 2298 exulibus,
901 2222 952 2303 qui
980 2243 1140 2304 paucorum
1167 2223 1372 2284 dominatione

273 2324 352 2401 pulsi
365 2322 491 2392 luserant,
506 2319 715 2398 rempublicam
728 2323 840 2400 populo
853 2319 986 2382 tradidit.
1028 2321 1081 2381 llle
1093 2321 1237 2381 libertatis
1253 2319 1305 2380 diu
1317 2318 1373 2378 de·

273 2416 412 2478 siderate
431 2434 563 2495 compos,
583 2434 635 2475 eos
654 2417 705 2494 qui
720 2417 909 2477 Memnonem
924 2415 1159 2490 advocavissent,
1172 2417 1281 2496 quique
1295 2425 1372 2476 tem·

61 2518 65 2526 '
147 2576 151 2584 ,
272 2514 355 2594 plum
371 2513 477 2573 Diana
491 2511 681 2591 spoliassent,
701 2513 790 2592 ioque
815 2533 851 2574 eo
874 2513 1003 2594 Philippi
1026 2525 1156 2575 statuam
1180 2513 1374 2594 dejecissent,

272 2619 326 2670 aut
340 2607 504 2688 Heropythi
524 2618 747 2668 monumentum
766 2608 948 2682 effodissent,
969 2607 1050 2686 quod
1070 2607 1218 2670 liberatori
1240 2607 1372 2669 civitatis
1456 2661 1457 2672 ,

273 2705 304 2764 in
312 2705 376 2766 loro
388 2704 517 2782 positum
531 2703 636 2775 suerat,
650 2702 689 2779 ad
700 2703 876 2783 supplicium
891 2703 1006 2783 poscit·
1047 2706 1097 2764 24.
1127 2703 1172 2762 Ex
1191 2703 1300 2781 quibus
1314 2703 1373 2762 Pe·
1456 2777 1457 2780 Ἴ

272 2800 363 2878 lagon
377 2799 546 2859 cumfratre
560 2799 712 2879 Syrphace
725 2809 756 2860 et
773 2799 965 2878 patruelibus,
990 2818 1027 2859 ex
1051 2799 1116 2878 ipsa
1134 2798 1200 2860 aeda
1223 2799 1254 2858 in
1279 2818 1373 2878 qoam
1456 2801 1457 2842 l

266 2895 476 2974 confugerant,
499 2895 576 2974 rapti
597 2905 677 2967 sunt,
700 2894 858 2974 statimque
879 2893 1025 2974 lapidibus
1043 2895 1148 2954 obruti.
1190 2894 1320 2973 Jamque
1342 2896 1374 2954 in

271 2991 373 3052 cedes
387 3001 418 3051 et
430 2990 550 3070 injurias
570 2989 686 3059 ibamus
706 3007 775 3050 cum
798 2988 968 3050 Alexander
990 2988 1113 3049 inhibita
1136 2988 1216 3068 vulgi
1238 2989 1374 3062 licentia,

191 3098 194 3103 '
273 3086 395 3148 ulterius
419 3105 455 3148 eo
477 3087 518 3146 de
541 3087 661 3166 negotio
674 3085 793 3166 inquiri,
807 3097 859 3144 aut
872 3084 979 3164 cuique
994 3084 1158 3144 molestiam
1171 3083 1305 3146 exhiberi
1322 3108 1373 3146 re·
1456 3095 1457 3172 j

272 3182 348 3242 tuit:
363 3182 393 3242 id
407 3181 524 3262 optimis
538 3182 705 3260 quibusque
718 3181 807 3242 saluti
821 3179 895 3250 fuit3
911 3199 986 3260 qnos
1000 3199 1052 3262 per
1064 3199 1185 3240 causam
1196 3182 1256 3242 veri
1271 3183 1376 3242 lictive
1456 3173 1457 3200 ¹

271 3277 411 3350 criminis,
425 3278 555 3358 ipsorum
576 3277 708 3358 dignitas
731 3289 783 3338 aut
805 3277 967 3356 opulentia,
987 3276 1154 3337 furibunde
1175 3277 1271 3358 plebis
1292 3279 1374 3338 odiis

271 3374 461 3453 avaritiaeque
482 3374 649 3452 objecisset.
680 3377 730 3436 25.
748 3376 826 3434 luter
840 3374 903 3434 hmo
919 3374 1076 3454 Magnetes
1086 3382 1117 3432 et
1130 3371 1272 3432 Tralliani
1284 3374 1376 3452 lega·

272 3478 320 3526 tos
339 3468 470 3540 mittunt,
492 3468 645 3546 imparium
664 3470 847 3548 accepturiz¹
867 3486 904 3528 eo
926 3467 1141 3528 ‘Parmenione
1154 3486 1222 3529 cum
1236 3469 1395 3548 quinque.

271 3562 403 3641 peditum
431 3563 570 3635 millibus,
591 3564 799 3644 equitibusque
822 3563 958 3624 ducentis
981 3563 1040 3623 ire'
1058 3563 1165 3642 jusso:
1188 3563 1376 3626 Aleimalum

271 3677 340 3720 cum
353 3657 544 3738 paribuslere
566 3659 658 3739 copiis
680 3661 790 3720 circum
815 3659 943 3720 AEolicaa
964 3659 1139 3738 lonicasque
1162 3658 1271 3720 Persici
1290 3661 1377 3738 juris

271 3756 359 3815 urbes
372 3753 470 3814 mittit.
512 3756 561 3814 26.
584 3756 706 3835 Utrique
717 3757 891 3836 injunctum,
913 3763 967 3816 ‘ut
980 3756 1091 3816 abolito
1103 3755 1378 3834 paucorumdomi·

304 3953 316 3978 ¹
332 3945 645 4011 cinnomannio.
871 3955 881 3982 ¹
896 3941 936 3996 ld.
949 3947 967 3995 l.
978 3947 994 3998 l.
1027 3947 1101 3998 Cort.
1112 3961 1154 3998 sss.
1167 3951 1206 3998 11.
1220 3951 1257 3999 lo.

302 4029 314 4080 t
332 4022 421 4071 AElisn.
434 4023 493 4070 Vas.
507 4023 577 4076 illst.
594 4039 613 4076 ι.
625 4030 665 4074 to.
869 4029 879 4055 ⁸
896 4022 1000 4073 Arsino.
1010 4023 1027 4072 l.
1041 4023 1057 4074 l.

303 4106 316 4138 e
333 4097 375 4146 id.
386 4098 404 4146 l.
416 4097 432 4146 l.
867 4101 875 4131 ²
896 4097 937 4148 ld.
948 4112 968 4150 s.
980 4101 1020 4148 1⁹.

302 4183 315 4216 t
333 4173 434 4224 Arriso.
446 4186 465 4223 s.
479 4179 518 4225 lo.
