2925 4867
286 376 352 445 226
502 394 537 454 Q.
561 392 692 443 consu
719 394 809 444 nusi
835 381 1159 447 urs.1v.car=.14.

286 535 456 619 pellentur.
498 537 532 600 t.
555 535 608 601 Ob
623 536 658 601 itl
673 538 797 621 ipsum,
818 538 912 622 quod
933 538 1037 622 ignoti
1064 546 1191 617 essent,
1212 539 1364 623 ignobiles

287 656 383 702 esse:
404 658 575 723 nunquam
588 640 730 723 ignorari
752 639 982 705 viros‘lortes:
1005 646 1040 706 at
1060 641 1226 718 imbelles,
1241 642 1365 707 exlate-

286 740 353 803 bris
374 740 444 805 suis
465 746 592 817 erutos,
617 740 699 804 nihil
722 746 842 823 preter
862 741 998 805 nomina
1012 741 1147 821 efferre3
1169 739 1365 807 Macedones

285 840 408 903 virtute
423 847 610 919 assecutos,
635 860 676 904 ne
697 841 776 924 quis
795 844 868 904 toto
889 842 970 906 orbe
991 844 1088 907 locus
1101 850 1207 921 esset,
1221 843 1282 926 qni
1296 843 1367 907 tales

236 1014 240 1023 .
285 941 377 1004 uiros
406 943 580 1023 ignoraret.
622 944 654 1007 5.
688 941 898 1007 Intuerentur
925 944 1143 1009 barbarorum
1172 942 1367 1009 inconditum

286 1060 421 1124 agmen:
444 1043 544 1109 alium
565 1043 645 1107 nihil
671 1049 790 1127 praeter
808 1044 962 1129 jaculum
984 1046 1126 1125 habcre;
1150 1046 1259 1110 alium
1279 1044 1370 1109 funda

287 1160 373 1207 saxa
386 1142 507 1208 librare
520 1164 528 1203 :
551 1144 672 1227 paucis
681 1144 776 1226 justa
789 1162 881 1208 mma
894 1164 981 1209 esse.
1024 1144 1146 1228 Itaque
1160 1145 1256 1211 illinc
1266 1145 1370 1227 plnres

287 1252 396 1309 staret
417 1244 492 1310 hinc
507 1245 620 1329 plures
634 1244 866 1310 dimicaturos.
895 1247 927 1310 6.
944 1246 1018 1311 Nec
1028 1248 1200 1330 postulare
1210 1265 1262 1323 se,
1272 1246 1370 1311 ntior·

286 1346 362 1409 titer
376 1353 586 1428 capesserent
599 1345 765 1428 prmlin'm,
780 1345 814 1410 ni
829 1345 904 1428 ipse
914 1347 1249 1411 ceterisiortitndinis
1262 1346 1370 1411 inisset

287 1446 496 1529 exemplum:
520 1466 557 1510 sa
582 1454 658 1511 anta
682 1448 791 1530 prima
815 1449 910 1528 signs
937 1448 1193 1514 dimicaturum:
1213 1448 1370 1530 spondere
1456 1461 1457 1484 ¹

285 1566 346 1630 pro
371 1566 419 1625 se,
447 1556 529 1632 quot
553 1547 743 1625 cicatrices,
775 1547 913 1612 tetidem
939 1550 1093 1632 corporis
1121 1548 1266 1613 decora:
1296 1550 1370 1613 scire

285 1650 393 1731 ipsos,
413 1666 513 1712 annm
536 1667 633 1732 paene
652 1666 689 1711 se
710 1646 834 1729 praedoe
858 1648 1048 1713 communis
1070 1654 1242 1713 exsortem
1265 1647 1369 1712 inillis

285 1747 437 1813 colendis
452 1749 674 1832 ornandisque
689 1766 847 1831 usurpare
859 1749 1008 1815 victoriae
1023 1749 1193 1833 praemia-⁸
1236 1750 1270 1812 7.
1288 1748 1369 1813 Hcs

286 1950 393 2014 inisse
410 1950 594 2015 dicturum:
617 1952 811 2035 pervenisse
832 1971 885 2029 eo,
907 1953 994 2017 unde
1007 1953 1120 2035 sugere
1134 1972 1202 2017 non
1216 1961 1370 2034 possent:

286 2060 339 2117 tot
352 2060 506 2118 terrarum
523 2052 634 2136 spatia
648 2052 805 2129 emensis,
819 2056 872 2117 tot
886 2055 1037 2119 amnibus
1051 2055 1288 2137 montibusque
1299 2060 1373 2136 post

287 2162 415 2237 tergum
429 2152 584 2237 obJectis,
598 2153 663 2217 iter
683 2153 719 2215 in
742 2154 887 2235 patriam
910 2158 944 2217 et
969 2159 1107 2239 penates
1120 2174 1223 2219 mann
1237 2174 1316 2219 esse
1329 2155 1373 2219 ln·
1416 2143 1419 2149 ⁵

288 2254 466 2320 ciendum!
509 2256 541 2320 8.
557 2256 615 2320 Sic
626 2255 742 2329 duces,
754 2255 805 2319 sic
816 2255 963 2338 proximi
976 2256 1119 2321 militnm
1132 2255 1282 2320 instincti
1291 2263 1373 2319 snut.

289 2356 414 2419 Darius
430 2356 462 2418 in
477 2354 589 2419 laeveb
603 2375 704 2420 cornu
720 2362 802 2433 erat,
815 2375 935 2439 magno
945 2376 1081 2422 snorum
1089 2357 1233 2439 agmine,
1241 2357 1374 2421 delectis

288 2458 437 2540 equitnm
452 2456 667 2541 peditumque
681 2457 849 2541 stipatus:
871 2466 1156 2541 contemneretque
1176 2458 1375 2541 paucitatem

319 2650 329 2683 ⁶
345 2653 385 2703 Art
395 2654 449 2705 illae
459 2656 980 2720 rmummnesditnsslerqueoeinpernere
989 2654 1206 2714 emmaum

287 2930 393 2994 neptae.
427 2930 744 2993 naeptessernina·
760 2931 935 2995 sensuque:
947 2931 1059 2982 (induem
1090 2930 1205 2979 Floreat.
1217 2928 1377 2979 Iscinvess.

288 2998 346 3045 1.2.
366 3001 393 3042 et
409 2994 476 3044 Mer.
493 2995 697 3057 appellantem-4
715 2995 773 3044 Pel.
789 3000 813 3045 l.
829 3010 847 3044 n
956 2997 1045 3057 mci.
1078 2994 1192 3044 llorent.
1210 2999 1254 3043 nat
1270 2994 1381 3042 issum·

287 3058 344 3107 Pal.
357 3062 381 3108 1.
392 3058 489 3107 omittit
500 3072 531 3106 en
542 3066 602 3107 ante
613 3058 753 3117 histriaet
765 3073 812 3121 pro
821 3060 872 3108 ruis
900 3062 961 3110 abet
971 3061 1031 3123 ejas,
1040 3066 1068 3107 et
1078 3057 1213 3119 moxfme
1224 3072 1273 3121 pre
1283 3055 1380 3121 afferre

285 3128 333 3171 -t
351 3123 425 3172 Voss.
437 3126 462 3171 2.
478 3122 550 3171 oliam
564 3128 661 3185 prem,
678 3124 772 3171 omisso
791 3124 861 3171 elau.
894 3125 970 3174 Voss.
989 3129 1012 3174 l.
1032 3138 1092 3172 snm
1106 3122 1217 3171 titensa
1250 3122 1338 3184 Beng.
1357 3125 1380 3167 1.

286 3186 355 3235 Pitlr.
367 3193 394 3236 et
405 3186 518 3235 Floreat.
529 3186 605 3245 iuxta
616 3200 682 3234 omn
693 3192 800 3237 ene-n
816 3188 894 3237 Voss.
903 3193 928 3240 2.
943 3189 970 3237 ei
979 3203 1032 3238 eron
1041 3189 1091 3250 ipae
1097 3203 1107 3244 ,·
1121 3184 1199 3235 Frob.
1219 3185 1307 3234 Amat,
1325 3184 1381 3234 Col.

286 3258 313 3301 et
325 3250 409 3312 Lngd.
424 3248 472 3298 uiri
482 3249 530 3311 ipre
537 3266 547 3308 ‚-
564 3250 631 3298 Mer.
642 3265 671 3298 ae
682 3250 740 3313 ipse.
756 3251 765 3278 ⁴
777 3252 861 3300 ceteris
871 3253 944 3302 abeat
955 3254 981 3301 in
991 3254 1101 3302 Theocr.
1118 3258 1146 3298 et
1164 3250 1214 3298 lnoc
1231 3250 1344 3312 optime,
1355 3257 1384 3296 et

284 3322 338 3363 tum
358 3314 511 3362 subanditur
532 3313 641 3377 ‘ipsis.'¹
659 3314 734 3363 Ceae.
767 3314 851 3376 Lugd.
869 3324 897 3365 et
913 3316 998 3365 Amet.
1014 3330 1073 3365 curn
1088 3315 1244 3376 Bongarslo,
1255 3314 1383 3363 omittunt

284 3379 414 3440 aponum
431 3376 499 3441 quod
511 3376 637 3426 exhibent
655 3378 724 3427 Dan.
743 3385 772 3427 et
790 3379 846 3427 Pal.
859 3384 883 3428 l.
900 3381 1020 3443 mannis
1031 3380 1100 3429 Pan
1115 3379 1230 3441 spendens
1246 3392 1273 3425 ee
1291 3382 1328 3425 tet
1347 3377 1382 3423 aet
1456 3405 1457 3408 =

286 3446 341 3503 quet
358 3441 433 3490 Voss.
444 3445 469 3491 2.
486 3446 522 3489 tot
539 3442 661 3491 clesma
679 3442 794 3491 Floreat.
814 3441 890 3493 held.
908 3444 983 3492 Voss.
996 3449 1019 3493 l.
1041 3445 1109 3491 Dan.
1129 3442 1187 3491 Pul.
1206 3444 1231 3489 l.
1249 3448 1281 3488 et
1299 3442 1383 3501 Bsng.

283 3503 352 3553 Vide
365 3504 426 3554 Not.
437 3504 501 3554 Var.
534 3505 617 3568 Bnog.
637 3506 741 3569 corperis
758 3506 863 3555 tetum
902 3508 978 3556 Voss.
996 3512 1021 3558 1.
1041 3505 1139 3555 omittit
1156 3520 1182 3555 se
1200 3514 1264 3553 ante
1285 3506 1383 3568 prede.

284 3568 354 3616 Mer.
373 3568 471 3617 omittit
490 3572 625 3617 manau.
658 3570 736 3619 Voss.
751 3574 776 3619 2.
799 3571 824 3619 ia
842 3570 893 3619 tun
911 3572 1075 3621 totunm-⁷
1093 3569 1161 3619 Alii:
1176 3570 1316 3631 mim
1335 3582 1384 3617 eu.

286 3632 355 3682 Mer.
366 3630 465 3681 ornittit
475 3638 510 3681 tot
520 3640 581 3680 unte
592 3638 718 3683 amona.
752 3634 824 3683 Pltlr.
839 3640 892 3697 post
903 3640 922 3684 t.
932 3636 1038 3691 relictin
1055 3632 1130 3682 Voss·
1137 3636 1162 3681 2.
1176 3639 1232 3695 put
1242 3638 1262 3681 t.
1273 3632 1384 3691 Μ

285 3696 349 3745 Mox
365 3696 469 3760 qnidam
486 3702 646 3746 correctores
660 3704 847 3759 reposueruntt
863 3703 889 3747 et
906 3700 938 3747 sd
953 3702 1058 3761 penates,
1092 3697 1134 3747 nia
1143 3697 1245 3746 scilicet
1256 3696 1321 3759 ipsi·
1332 3709 1384 3743 noa

284 3759 422 3809 videbatur
436 3760 526 3808 lutino
545 3758 596 3808 diei
611 3774 686 3823 posse
702 3762 728 3809 ia
743 3766 896 3823 pastea—8
912 3762 987 3811 Voss.
997 3766 1021 3810 2.
1039 3761 1075 3811 nt
1094 3760 1196 3810 .Colin.
1206 3760 1311 3823 Gryplu
1321 3761 1385 3808 Bas·

285 3825 342 3873 Col.
356 3824 433 3873 Frob.
445 3832 473 3872 ct
485 3823 553 3871 Mer.
565 3824 674 3872 instructi
684 3830 748 3875 suat.
780 3825 858 3875 Voss.
868 3830 892 3876 l.
904 3823 964 3875 Alo.
976 3825 1053 3875 Frcb.
1064 3835 1091 3874 et
1100 3826 1154 3873 Biz.
1166 3826 1263 3886 qm
1272 3837 1386 3875 mi

285 3888 360 3938 Voss.
371 3892 395 3937 2.
413 3888 646 3949 manumissos·
677 3887 735 3938 Pu.
749 3893 773 3939 1.
792 3889 1045 3953 electirprodeleetir.
1079 3889 1196 3939 Floreat.
1215 3889 1383 3937 teinvm.
1456 3913 1457 3970 q

778 4032 885 4084 NOTAE

317 4144 376 4193 rra
395 4144 466 4205 tneo]
494 4143 577 4193 Immo
597 4156 658 4192 vern
678 4142 703 4191 in
725 4144 811 4192 medin
851 4144 1227 4209 clrus,irlqne‘pntriomore'
1241 4145 1384 4194 Persarum

284 4222 351 4283 acie,
363 4228 391 4267 nt
412 4218 503 4267 scribit
521 4218 644 4267 Arrianus
661 4225 688 4268 et
706 4219 811 4269 Plntnr-
852 4222 961 4288 Regum,
973 4229 1002 4271 nt
1011 4222 1122 4272 diximus
1132 4221 1178 4272 lib.
1186 4235 1231 4272 nr.
1242 4236 1300 4285 cap.
1310 4226 1340 4269 9.
