2925 4867
237 386 281 451 24
357 438 361 444 .
639 381 921 451 rrocnoorrrisr

237 544 337 609 alieni
354 544 482 609 arbitrii
496 550 530 609 et
543 544 607 609 sub
623 544 811 627 pedagogo
824 563 899 607 esse
914 543 1071 608 deberet.p
1107 541 1256 626 Abjecta
1269 564 1331 628 spe

238 645 424 726 dignitatis,
439 646 481 711 ad
498 647 602 710 otium
615 647 783 712 concessit
796 645 898 711 modo
907 646 942 709 in
956 644 1064 709 bortis
1077 654 1113 709 et
1126 646 1332 723 suburbano,

237 746 339 811 modo
352 747 386 811 in
401 746 598 830 Campaniae
619 766 759 811 secessu
778 746 995 821 delitescens,
1018 751 1122 832 etque
1144 765 1189 808 ex
1213 753 1333 811 contu-

238 848 354 912 bernio
370 847 673 913 sordidissimorum
687 847 867 926 bominum,
890 864 991 930 super
1009 853 1155 911 veterem
1178 847 1333 931 segnitiae

239 955 364 1025 notem,
379 948 550 1013 ebrietatis
567 969 702 1032 quoque
727 958 762 1012 et
778 949 864 1015 alere
886 947 1059 1012 infamium
1083 949 1198 1015 subiit.
1242 948 1334 1015 Con·

238 1049 386 1115 tumeliis
402 1049 522 1132 ubique
537 1038 708 1115 obnoxius
721 1051 831 1115 vixit*
874 1049 912 1113 Si
930 1068 964 1111 v.
979 1067 1010 1111 c.
1035 1050 1136 1132 paulo
1157 1052 1266 1115 senus
1288 1050 1334 1115 ad

239 1151 436 1234 prredictern
456 1168 564 1216 ooenae
584 1152 701 1216 boram
719 1150 936 1227 occurrisset,
950 1168 1027 1226 uon,
1041 1151 1106 1213 nisi
1120 1170 1207 1235 aegre
1223 1157 1256 1215 et
1271 1152 1334 1216 cir·

240 1252 331 1317 cuitu
342 1250 473 1315 demum
491 1251 647 1329 triclinio,
662 1252 894 1334 recipiebatur,
909 1258 944 1315 et
963 1250 1099 1334 quoties
1123 1258 1201 1335 post
1221 1252 1334 1317 cibum

239 1352 509 1429 addormisceret,
533 1352 623 1435 quod
646 1353 677 1416 ei
694 1351 763 1417 sere
784 1350 970 1428 accidebat,
986 1349 1135 1415 olearum
1150 1357 1187 1415 et
1201 1351 1334 1435 pulmu-

238 1452 344 1517 larum
355 1453 491 1516 ossibus
506 1454 754 1532 incessebatur3
768 1452 936 1517 interdum
948 1451 1056 1517 ferula
1068 1450 1229 1536 flagroue,
1244 1454 1336 1518 velut

239 1573 300 1639 per
317 1554 442 1629 ludum,
463 1553 676 1619 excitabatur
699 1574 721 1618 a
748 1554 892 1636 copreis·
934 1552 1100 1617 Sciebant
1122 1560 1157 1618 et
1178 1556 1335 1619 manibus

241 1648 411 1727 stertentis
436 1656 528 1719 socci
553 1655 677 1734 induci,
702 1663 741 1721 ut
762 1660 896 1738 repente
916 1654 1185 1737 expergefactus,
1211 1654 1335 1721 taciem

239 1754 305 1821 sibi
320 1753 527 1821 confricaret.
570 1755 667 1819 Talis
682 1764 820 1839 tumque
832 1755 961 1819 derisus
981 1755 1025 1819 ab
1047 1757 1201 1820 omnibus
1222 1755 1335 1832 bomo,

239 1874 317 1933 non,
332 1856 398 1921 nisi
415 1856 559 1921 mirabili
574 1857 720 1941 quodam
735 1877 829 1935 casu,
845 1858 890 1922 ad
902 1857 1078 1941 imperinm
1093 1858 1257 1923 accedere
1271 1877 1336 1941 po·

239 1958 316 2033 tuit,
330 1966 431 2042 atque
447 1958 496 2023 ita
515 1956 618 2022 etiam
637 1958 766 2023 lactum
788 1964 861 2022 est.r
905 1956 1075 2023 Exclnsus
1099 1958 1185 2023 inter
1205 1963 1336 2023 ceteros

240 2059 284 2124 ab
292 2058 545 2123 insidiatoribus
559 2057 724 2141 Caligulae
743 2060 777 2123 in
791 2056 936 2135 diaetam,
950 2059 1007 2123 cni
1019 2077 1138 2123 nomeu
1151 2066 1224 2124 crat
1248 2060 1336 2125 Her·

238 2178 374 2237 marum,
388 2168 576 2226 recesserat.
611 2160 729 2245 Neque
743 2160 850 2227 mnlto
861 2167 951 2244 post,
966 2178 1096 2225 rumore
1108 2161 1213 2225 credis
1226 2168 1334 2227 exter·

240 2262 334 2339 ritus,
353 2264 522 2345 prorepsit
541 2261 585 2327 ad
611 2262 770 2327 solarium
781 2263 981 2346 proximum,
998 2261 1151 2345 interque
1170 2267 1337 2347 praetenta

239 2362 368 2427 loribus
394 2363 470 2428 vela
500 2382 536 2427 se
564 2363 715 2429 abdidit·
759 2364 931 2429 latentem
958 2362 1007 2427 ibi
1032 2362 1220 2429 discurrens
1249 2365 1336 2429 torte

240 2463 409 2546 gregarius
432 2463 550 2539 miles,t
569 2464 808 2528 animadversis
831 2464 987 2547 pedibus,
1008 2484 1028 2529 e
1048 2464 1162 2529 studio
1175 2465 1336 2544 scitandi,

241 2566 395 2649 quisnam
409 2570 511 2643 esset,
527 2566 674 2649 agnovit,
689 2572 957 2649 extractumque,
972 2572 1005 2631 et
1020 2554 1196 2651 prae'metu
1211 2566 1255 2631 ed
1278 2587 1336 2650 ge-

172 2702 183 2717 =
239 2688 307 2733 nna
329 2668 395 2733 sibi
421 2666 639 2746 accidentem,
662 2665 936 2751 ‘Imperatorem’
958 2668 1128 2733 sstulerit
1172 2667 1265 2733 Hinc
1290 2670 1336 2733 ad

241 2769 326 2834 alios
341 2768 581 2834 commilitones
596 2769 767 2853 perduxit,
782 2789 803 2835 a
821 2770 946 2854 quibus
964 2769 1093 2835 lecticae
1110 2768 1287 2854 impositus
1302 2777 1339 2835 et

240 2871 276 2935 in
303 2876 415 2936 castra
440 2868 573 2934 delatus
596 2876 646 2935 est
668 2872 835 2937 tristiam
859 2869 1021 2953 trepidus,
1040 2871 1220 2937 miserante
1233 2872 1338 2937 obvia

240 2972 346 3049 turba,
369 2970 464 3055 quasi
484 2969 528 3035 ad
553 2988 688 3054 poenam
703 2976 869 3056 raperetur
882 2973 1008 3037 insons.
1051 2971 1228 3056 Receptus
1248 2972 1338 3037 intra

240 3072 377 3151 uallum,
391 3073 475 3137 inter
496 3072 656 3137 excubias
678 3074 822 3139 militum
842 3075 1055 3158 pernoctavit
1072 3074 1249 3157 aliquanto
1274 3076 1339 3138 mi·

239 3192 319 3238 nore
336 3191 398 3257 spe
413 3192 515 3256 quam
530 3173 663 3239 fiducia.
707 3174 799 3240 Nam
814 3175 970 3241 consules
985 3194 1060 3239 cum
1081 3181 1200 3240 senatu
1222 3183 1258 3240 et
1277 3194 1339 3240 co·

239 3272 389 3339 hortibus
412 3274 550 3340 urbanis
570 3276 677 3339 lorum
692 3276 955 3360 capitolinmque
969 3282 1215 3359 occupaverant
1228 3294 1340 3343 asser·

241 3375 307 3439 turi
317 3394 526 3441 communem
538 3374 732 3441 libertatem.
755 3373 1256 3460 Accitusdeindepertribuuos
1265 3377 1340 3461 ple-

238 3474 294 3541 bis
309 3476 344 3540 in
359 3476 497 3554 curiam,
507 3478 541 3541 vi
557 3482 635 3541 seet
648 3478 848 3543 necessitate
861 3476 1166 3561 teneri,respondit.
1195 3476 1339 3545 Postero

240 3577 305 3655 die,
317 3583 434 3641 senatu
446 3579 600 3659 sequiore
615 3578 649 3643 in
659 3578 867 3662 exequendis
881 3579 1071 3657 conatibus,
1082 3586 1118 3643 et
1125 3578 1341 3645 multitudiue

272 3756 407 3807 '’Suetou.
418 3756 510 3807 Claud.
521 3764 547 3807 t.
808 3758 926 3822 σκοτεινῇ.
958 3756 1340 3821 ,impulerim-peone-

271 3831 342 3881 «ld.
353 3831 416 3881 ibid.
427 3836 452 3883 8.
806 3832 1165 3896 eblatqmmptnmler.

273 3914 282 3939 ¹
299 3906 340 3956 ld.
363 3907 427 3959 ibid.
446 3912 486 3959 1⁰.
510 3907 600 3959 Aurei.
614 3906 685 3959 vtes.
698 3908 769 3973 Eplt.
839 3912 847 3943 ¹
864 3908 956 3959 Aurei.
968 3907 1039 3957 Vict-
1056 3907 1090 3957 de
1101 3906 1228 3957 cnesrlb.
1239 3920 1286 3958 ιιι.
1297 3912 1342 3958 1⁹·

239 3994 281 4031 tv.
317 3983 369 4032 Dio
391 3984 493 4033 Cestius
513 3996 558 4035 tx·
579 3984 638 4037 inlr.
658 3984 768 4049 Joreplr.
809 3997 875 4032 unna
893 3990 966 4032 ortua
980 3980 1051 4046 Epiri
1062 3994 1096 4031 es
1108 3982 1270 4046 cohortibus,
1279 3998 1340 4047 qnae

240 4057 418 4123 Antiqq..lud.
431 4062 526 4111 xlm.
808 4058 930 4121 palatium
943 4070 992 4120 per
1008 4062 1166 4120 opportunos
1186 4057 1340 4109 loeosobsl-

272 4142 282 4167 ·
298 4132 387 4185 Aurei.
405 4134 477 4185 vict.
488 4136 505 4184 1.
517 4134 534 4183 Ι.
545 4132 656 4184 delorml
667 4134 768 4185 latebre
806 4131 914 4183 debant.
946 4130 1054 4195 loseph.
1070 4132 1089 4182 Ι.
1103 4132 1119 4182 l.
1134 4130 1342 4200 radrorrempl

240 4212 333 4265 lateus.
365 4210 416 4262 uro
438 4210 506 4261 Gerr.
526 4209 544 4261 l.
561 4210 580 4261 l.
598 4209 623 4259 tr
638 4208 767 4275 aarum
804 4206 1069 4266 clamitabant&
1078 4213 1238 4273 πρωινήν.
