2925 4867
214 383 283 449 «122
332 394 791 449 rnnrnsnunrtsnrrs.1n
809 398 844 458 Q.
861 394 992 447 cnnrtt
1011 396 1101 447 nort
1120 396 1264 446 sts.v1.

215 544 307 602 runt·
337 543 367 601 8.
384 539 540 619 Antipater
549 557 585 600 ea
595 559 626 600 re
637 548 789 619 comperta
801 540 911 600 bellurn
921 540 951 598 iu
960 539 1096 609 Tlrracia,
1105 541 1211 619 quibus
1221 548 1323 618 potest

216 636 435 699 conditionibus
448 638 618 717 componitt
633 637 797 717 raptimque
809 636 839 695 in
856 636 1004 696 Grseciam
1018 654 1183 715 regressus,
1196 637 1236 695 ab
1246 636 1322 695 ami-

216 734 260 796 cis
275 732 423 813 sociisque
443 732 613 793 civitatibus
632 731 742 792 auxilia
755 732 847 812 cogit.
890 733 1005 801 Quibus
1020 732 1268 793 convenientibus
1281 732 1325 791 sd

217 828 415 909 quadraginta
440 836 638 909 pugnatorum
660 828 754 888 millis
780 828 940 889 recensuit.
982 832 1011 889 9.
1034 828 1203 889 Advenerat
1223 840 1257 888 et
1282 848 1327 887 ex

218 926 426 1005 Peloponneso
440 924 539 985 velida
552 943 678 986 manus:
699 923 754 985 sed
769 926 840 1005 quia
853 924 974 987 dubiam
984 925 1117 1005 ipsorum
1127 924 1215 988 fldem
1231 925 1328 985 resei-

217 1033 310 1093 verat,
324 1020 512 1081 dissimulata
524 1020 692 1100 suspicione
706 1020 818 1099 gratias
833 1020 904 1099 egit,
928 1020 1030 1100 ‘quod
1045 1020 1084 1081 ad
1098 1020 1327 1083 menedemus

219 1118 361 1179 adversus
381 1117 623 1179 Lacedaemonios
647 1116 811 1177 Alexandri
826 1116 1010 1204 ‘dignitatem
1031 1116 1203 1179 affuissent:
1225 1119 1328 1195 scrip-

217 1226 317 1279 turum
339 1232 371 1273 se
393 1212 422 1274 id
444 1214 519 1292 regi,
540 1213 666 1292 gratiam
686 1212 717 1271 in
739 1222 870 1292 tempore
883 1212 1034 1275 relaturo:
1054 1212 1084 1273 io
1100 1230 1232 1293 presens
1248 1213 1329 1277 nihil

218 1330 295 1389 opus
308 1329 376 1370 esse
390 1309 550 1389 majoribus
563 1310 673 1389 copiis:
688 1309 791 1389 itaque
804 1308 911 1369 domos
926 1309 1068 1382 redirent,
1082 1310 1200 1373 habeis
1212 1330 1331 1373 aeus·

219 1406 307 1467 sinte
321 1403 471 1486 expleta?f
510 1408 559 1466 ιο.
580 1405 709 1467 nonnos
734 1404 844 1467 dotum
865 1404 905 1467 sd
925 1404 1130 1470 Almmdraa
1156 1408 1260 1479 mittit,
1285 1407 1332 1467 de

217 1512 301 1563 motu
315 1501 443 1564 Gtmciss
462 1501 618 1573 cerdonem
635 1504 794 1563 tacturos·
833 1504 933 1582 Atque
948 1502 990 1563 illi
1004 1522 1103 1585 regem
1117 1503 1196 1586 spud
1211 1504 1334 1565 Bactra

220 1597 340 1659 demum
350 1600 505 1661 consecuti
513 1612 601 1669 sant;
615 1620 683 1660 cum
697 1599 815 1664 iuterim
823 1600 973 1681 Antipatri
984 1600 1155 1675 rintoria,et
1164 1600 1332 1679 neceAgi·

221 1695 268 1762 dis
281 1696 310 1757 in
324 1695 455 1757 Arcadia
478 1707 662 1759 transsctum
684 1707 777 1758 esset.
821 1698 868 1757 ll.
891 1698 971 1757 Saue
979 1697 1043 1776 jam
1064 1696 1177 1776 pridem
1191 1696 1332 1757 mantin

221 1790 512 1856 lacedemoniorum
527 1793 660 1872 cognito,
681 1802 827 1873 quantum
841 1802 886 1851 tot
901 1802 1044 1853 terrarum
1057 1794 1161 1873 spatiis
1175 1793 1334 1855 discretus

219 1886 327 1967 potuit,
340 1886 509 1965 providerat
521 1907 529 1946 ι
552 1888 765 1967 Amphoterum
784 1896 870 1949 ‘cum
887 1889 1004 1971 Cypriis
1018 1900 1050 1950 et
1064 1888 1224 1951 Phoeniciis
1238 1892 1334 1949 navi·

219 1982 276 2042 bus
290 1981 321 2041 in
337 1981 577 2061 Peloponnesum
592 1985 767 2065 navigerer’
783 1984 924 2045 Meneten
939 1984 1015 2044 ‘tria
1025 1983 1117 2045 millis
1127 1983 1274 2047 talentum
1286 1985 1334 2046 ad

219 2095 301 2147 mare
314 2076 445 2141 delerre’
460 2078 602 2158 jusserat,
613 2087 621 2113 ⁴
634 2090 667 2139 ut
676 2100 713 2140 ex
728 2080 895 2160 propinquo
910 2079 1065 2160 pecuniam
1080 2080 1238 2159 Antipatro
1252 2084 1333 2142 sub-

220 2172 409 2246 ministraret,
421 2185 533 2253 qnnnta
544 2176 626 2234 illum
638 2174 770 2253 indigere
785 2174 1018 2255 cognovisset'*
1062 2178 1110 2237 te.
1132 2174 1231 2241 Probe
1243 2179 1332 2239 enim

220 2280 421 2349 perspexerat,
430 2272 534 2349 quanti
548 2270 697 2333 adomnia
707 2274 848 2333 momenti
860 2283 958 2333 rnotus
967 2272 1054 2333 istius
1064 2272 1215 2335 inclinatio
1223 2274 1332 2337 intuta

221 2373 313 2438 esset,
332 2385 502 2445 quenquam
517 2366 659 2447 deinceps
674 2368 784 2449 adepto
797 2368 928 2429 victorine
943 2368 1047 2429 nuntio
1062 2369 1124 2429 suis
1138 2369 1282 2448 operibns
1297 2370 1332 2431 id

223 2461 379 2525 discrimen
390 2482 579 2543 comparans,
590 2470 598 2498 ‘
608 2465 736 2525 murium
749 2484 815 2525 eam
829 2482 960 2544 pugnam
970 2464 1079 2525 luisse’
1092 2465 1253 2527 cavillatus
1266 2476 1331 2526 est.

226 2560 273 2621 13.
294 2561 434 2621 Ceterum
450 2561 594 2641 principia
612 2561 676 2641 ejus
697 2561 766 2621 belli
789 2560 869 2621 haud
889 2562 1072 2641 improspera
1090 2560 1332 2625 lacedemoniis

222 2652 323 2715 l'nere.¹
361 2656 455 2715 Juxta
470 2655 486 2687 ⁸
502 2656 688 2735 Corrhagum
703 2655 894 2717 macedonis
911 2655 1070 2719 castellnm
1088 2676 1158 2719 cunt
1176 2658 1332 2739 Antipatri

222 2750 365 2813 militibus
388 2752 541 2831 congressi
570 2753 695 2813 victores
714 2751 892 2813 extiterant:
915 2761 946 2812 et
972 2752 1013 2815 rei
1035 2752 1111 2815 bene
1131 2764 1227 2833 gestes
1245 2752 1332 2815 lama

223 2848 311 2910 etiam
326 2848 377 2926 qui
397 2848 550 2927 suspensis
564 2848 711 2911 mentibus
725 2847 873 2909 lnrtonam
884 2858 1090 2929 spectaverant
1104 2848 1133 2909 in
1151 2850 1332 2911 societatem

223 2962 324 3004 sorum
338 2944 477 3021 pertrsoti
491 2960 571 3007 sunt.
616 2949 662 3006 14.
684 2946 753 3005 Una
763 2966 801 3007 ex
815 2946 906 3005 Eleis
920 2945 1099 3027 Aeneiaque
1121 2946 1241 3009 urbicos
1258 2946 1331 3009 Pel-

223 3040 290 3102 lene
305 3041 401 3101 lmdns
419 3046 651 3121 aspernabatur:
666 3052 697 3104 et
713 3043 744 3103 in
768 3042 898 3103 Arcadia
916 3042 1128 3122 Megalopolis,
1150 3042 1212 3105 fida
1226 3042 1334 3105 Meos·

223 3135 352 3197 donibus
371 3138 411 3197 ob
438 3137 566 3219 Philippi
588 3123 768 3213 memoriam,
792 3160 810 3200 a
832 3158 892 3219 quo
912 3140 1064 3199 beneficiis
1088 3136 1197 3200 effecta
1218 3140 1330 3201 fuerat.

225 3232 285 3294 Sed
309 3237 373 3293 hmo
395 3245 475 3295 arcte
498 3236 696 3295 circumsessa
716 3234 798 3295 haud
824 3236 927 3316 procul
949 3234 1100 3295 deditione
1129 3236 1244 3307 aberat,
1272 3236 1332 3296 nisi

224 3330 345 3394 tandem
365 3330 523 3411 Antipater
542 3331 739 3391 subvenisset.
785 3334 832 3391 15.
855 3332 884 3389 Is
908 3342 1068 3411 postquam
1095 3342 1196 3391 castre
1219 3333 1330 3392 eastris

224 3427 361 3498 contulit,
376 3446 466 3506 seque
487 3446 609 3487 numero
623 3427 748 3487 militum
763 3424 879 3505 alioque
893 3438 1037 3505 apparatu
1054 3427 1235 3505 superiorem
1256 3446 1332 3487 con·

225 3521 333 3601 spexit,
347 3524 561 3603 quamprimum
578 3524 618 3585 de
639 3534 873 3585 samma'rerum
888 3522 989 3603 praelio
1002 3522 1184 3589 contendere
1205 3528 1329 3587 statuit:

225 3638 321 3699 neque
332 3618 551 3680 Lacedaemonii
561 3620 764 3681 detrectavere
777 3630 935 3681 certamen.
981 3622 1027 3681 16.
1050 3621 1098 3683 lta
1107 3620 1270 3683 commissa
1284 3630 1330 3680 est

258 3878 357 3930 ‘crint
369 3893 409 3929 tv.
430 3884 452 3929 Ι.
468 3884 510 3930 tt.
535 3880 613 3930 Diod.
630 3894 703 3932 xvir.
714 3886 756 3932 ts.
797 3886 874 3931 mo.

225 3955 303 4005 Diod.
316 3968 387 4006 xvts.
398 3962 439 4005 62.
830 3958 837 3991 ¹
851 3956 986 4007 Plutarch.
995 3955 1122 4020 Agesilao
1132 3960 1238 4019 cupas.

257 4030 351 4083 ‘Just
369 4046 419 4081 xrs.
443 4038 464 4081 l.
482 4038 506 4085 8.
533 4034 612 4083 Diod.
625 4046 696 4084 xvir.
715 4038 756 4083 ot.
829 4034 843 4063 ²
854 4034 984 4084 AEsclrines
1002 4040 1096 4082 contra
1121 4031 1327 4095 Ctesiphontem.

226 4108 343 4159 Frontis.
355 4124 387 4159 ιι.
399 4116 437 4161 rt.
449 4116 472 4161 t.
796 4109 923 4172 Polybius
936 4122 966 4158 ιι.
978 4111 1019 4157 All.

259 4190 272 4223 s
288 4183 395 4231 cortine
406 4198 458 4233 vn.
468 4190 493 4232 t.
504 4189 545 4233 ss.
827 4185 836 4229 t
848 4186 987 4235 Pausanias
999 4182 1044 4233 lib.
1058 4196 1077 4233 ι.
1090 4184 1196 4234 Curtius
1205 4196 1243 4233 rt.
1257 4188 1280 4235 t.
1289 4186 1325 4231 lt.

259 4255 391 4307 hArr'tsn.
410 4272 456 4306 ιιι.
473 4264 495 4307 1.
511 4248 556 4307 “n.
581 4257 756 4317 Arriamtmt·
1148 4262 1153 4277 '
