2925 4867
265 379 309 448 78
662 399 691 447 r.
715 396 968 447 rsurusnnrsrr

266 538 363 610 benis,
380 554 450 599 eum
467 538 509 598 ita
523 539 636 607 statuit,
660 549 695 597 ut
716 539 748 597 in
763 537 907 600 adsersus
920 536 992 598 solis
1005 536 1105 597 radies
1116 553 1289 609 conversus,
1302 554 1363 597 um·
1454 531 1455 546 ¹

267 635 349 694 brem
360 652 444 693 suam
455 634 627 713 conspicere
639 652 698 693 nou
713 644 835 712 posset:
848 653 885 695 ea
896 634 973 694 enim
986 644 1075 694 antes
1086 633 1258 695 exterritum
1269 634 1364 693 acrius
1454 639 1455 642 ’

267 729 407 789 ferocisse
421 730 647 807 observaverat:
669 750 797 809 cumque
810 728 1003 789 nihilominus
1026 740 1177 800 estuaret,
1194 729 1301 808 jubam
1315 730 1365 789 de·

267 826 411 895 mulcens,
431 825 611 905 dimisseque
626 828 738 887 sensim
751 826 921 908 chlamyde,
941 827 971 885 in
995 826 1167 887 stesientem
1181 827 1283 887 edhuc
1296 827 1365 887 insi·

265 922 311 983 lit.
349 925 396 982 17.
411 922 466 981 llle
481 922 604 1000 parendi
618 923 750 982 insoleus
761 925 906 983 ceruicem
922 933 953 983 et
964 922 1065 984 calces
1073 922 1200 1002 jactare,
1214 923 1366 1001 multaque

267 1015 432 1096 pervicacia
453 1030 557 1075 contre
581 1018 716 1077 lrmnum'
729 1018 804 1088 niti;
825 1018 953 1097 deniqne
977 1017 1126 1113 proripere
1151 1036 1184 1078 se
1204 1021 1320 1090 conari,
1337 1030 1366 1076 et

267 1113 380 1191 ingenti
390 1110 531 1173 riolcntia
545 1132 665 1173 cursum
678 1110 784 1173 moliri.
828 1116 876 1174 18.
896 1114 1036 1193 spatiosa
1047 1124 1078 1174 et
1090 1114 1259 1192 equitabilis
1272 1115 1367 1194 plani·

268 1208 324 1269 ties
347 1210 482 1275 suberatr
504 1225 575 1285 ergo
599 1208 788 1269 ferocientem
812 1210 1053 1289 eminentemque
1077 1209 1180 1271 effusis
1199 1212 1231 1269 ia
1256 1211 1366 1272 collum

268 1304 402 1376 habenis,
417 1302 589 1382 adectisque
602 1304 752 1365 calcaneis
766 1325 834 1367 cum
850 1307 964 1385 ingenti
977 1305 1107 1367 clamore
1120 1307 1152 1367 iu
1165 1320 1288 1366 cursum
1301 1322 1366 1386 pet·

268 1400 386 1461 mittit..
414 1401 460 1461 19.
482 1401 591 1478 Ingens
614 1400 722 1461 deinde
744 1402 840 1483 campi
855 1404 984 1482 epatium
997 1413 1129 1476 erectus,
1146 1402 1210 1483 jam
1222 1403 1366 1463 lassatum

269 1510 300 1557 et
313 1496 475 1557 consistere
489 1497 635 1556 volentem
650 1488 802 1581 impellere
816 1516 876 1558 non
890 1511 980 1559 antea
993 1499 1118 1573 destitit,
1134 1516 1225 1579 quam
1239 1500 1367 1560 exhaus-

269 1604 332 1654 tum
351 1611 452 1666 cursu,
472 1602 502 1652 et
526 1592 626 1653 labore
648 1592 805 1665 domitum,
828 1583 1056 1655 mansuetiorem
1075 1594 1139 1673 jam
1162 1591 1368 1675 mitioremque

269 1690 446 1750 reduxisset.
487 1690 539 1750 20.
554 1688 794 1749 Descendentem
808 1691 996 1750 manentibus
1010 1690 1120 1770 gaudio
1132 1688 1273 1771 lacmuis
1288 1704 1369 1751 eont-

269 1786 375 1865 plexus
389 1794 436 1845 est
446 1795 546 1863 pater;
567 1785 729 1863 osculoque
741 1784 831 1863 capiti
845 1786 999 1865 impresso,
1014 1787 1131 1867 ‘majus
1144 1786 1301 1866 imperium
1316 1786 1370 1845 sibi

269 1880 510 1961 circumspicere'
526 1881 627 1959 jussit,
648 1889 724 1941 ‘neo
748 1880 936 1942 Macedonica
957 1900 1081 1963 regnum
1103 1893 1219 1942 tantam
1236 1878 1369 1942 indolem

269 1976 396 2056 capere!
436 1979 485 2037 21.
508 1976 646 2036 Posthsec
671 1976 859 2056 Bucephalas
874 1997 941 2037 cum
955 1978 986 2037 in
999 1988 1115 2039 ceteros
1127 1978 1270 2039 ferociam
1285 1994 1369 2038 saum

269 2074 417 2146 retineret,
438 2072 489 2133 uni
504 2072 673 2133 Alexandro
687 2074 763 2133 mira
776 2073 975 2135 submissione
993 2074 1132 2155 pemitt·
1150 2074 1372 2153 multorumque

270 2188 339 2229 mon
353 2170 485 2229 laborum
498 2181 587 2248 etque
601 2168 802 2230 discriminum
817 2169 927 2244 socius,
941 2172 971 2231 in
985 2170 1090 2252 prelio
1100 2168 1247 2231 adversus
1261 2169 1373 2231 Porum

270 2266 380 2343 periit·
419 2269 469 2327 22.
492 2266 624 2344 Dignum
647 2260 678 2325 id
701 2277 905 2345 argumentum
921 2268 1016 2327 risum
1030 2277 1089 2341 ast,
1108 2284 1169 2345 quo
1188 2266 1375 2327 illustrarent

271 2380 360 2442 opera
374 2380 427 2421 sua
443 2362 615 2422 nobilissimi
630 2362 774 2423 artifices:
795 2362 872 2423 duas
895 2383 932 2423 ex
953 2380 1098 2424 marmore
1121 2372 1243 2425 statuas
1261 2380 1375 2443 equum

271 2456 420 2517 dementis
441 2468 611 2524 ostententr
634 2456 792 2517 Praxitelis
815 2468 847 2518 et
871 2458 986 2530 Phidisa
1008 2470 1169 2519 certamen.
1210 2458 1376 2519 Alexandri

271 2571 323 2613 eas
337 2552 480 2631 imagines
494 2572 571 2625 esse,
597 2554 732 2631 quamvis
747 2553 857 2633 ambigi
871 2556 976 2634 possit,
1001 2566 1139 2617 auctores
1153 2555 1236 2617 haud
1250 2556 1375 2617 obscuri

273 2647 474 2709 crediderunt.

312 2744 350 2803 V.
375 2748 401 2803 l.
417 2743 473 2803 His
484 2755 573 2822 etque
584 2743 693 2804 talibus
708 2745 819 2823 ingenii
833 2745 981 2825 animique
991 2746 1199 2827 experimentis
1207 2764 1278 2808 eam
1294 2748 1377 2829 apud

272 2839 441 2920 Philippum
456 2840 701 2901 existimationem
716 2852 822 2901 nactus
835 2852 893 2911 est,
915 2854 951 2902 ut
962 2862 1030 2902 carn
1045 2842 1110 2922 ipse
1124 2844 1310 2924 Byzantinos
1323 2848 1379 2906 ob·

274 2935 388 2995 sidione
412 2946 540 3014 urgeret,
566 2935 704 2998 idoneum
725 2938 789 3016 jam
810 2937 970 2998 crediderit
991 2938 1095 3011 lilium,
1118 2940 1167 3001 eui
1188 2940 1285 3003 libera
1307 2959 1378 3003 cnm

273 3040 422 3109 potestate
438 3030 625 3090 Macedoniae
639 3050 741 3091 curam
754 3032 973 3105 committeret,⁸
996 3053 1091 3094 annos
1104 3036 1229 3096 omnino
1242 3039 1379 3099 sedecim

273 3126 441 3185 habentem.
482 3128 513 3186 θ’.
536 3126 602 3194 Quo
617 3139 770 3205 comperto
784 3128 973 3189 Medsrorum
985 3130 1118 3209 quidem,
1138 3132 1267 3193 Thracia
1281 3136 1379 3203 natio,

275 3220 459 3281 Macedoniis
474 3221 619 3299 subjecta,
634 3237 832 3303 opportunum
851 3224 1021 3299 defectioni,
1042 3226 1263 3305 quamdudum
1280 3232 1381 3310 egita·

272 3316 356 3388 baut,
371 3329 486 3396 ternpus
501 3316 658 3377 advenisse
680 3319 747 3389 rati,
760 3318 886 3379 consilia
899 3319 1058 3381 nudavere.
1111 3322 1173 3382 Sed
1193 3322 1380 3388 adolescens

274 3412 460 3472 ostentandae
482 3412 598 3472 virtutis
617 3415 774 3473 occasione
788 3415 887 3488 letus,
912 3436 980 3477 cum
993 3415 1120 3478 ducibus
1134 3436 1154 3477 a
1166 3432 1250 3498 patre
1264 3423 1381 3484 relictis

274 3526 397 3586 propere
412 3509 441 3566 ie
454 3526 505 3567 eos
520 3511 628 3569 morit:
649 3510 793 3588 victisque
806 3524 837 3570 et
849 3512 950 3591 ejectis
964 3514 1134 3587 rebellibus,
1155 3518 1258 3577 urbem
1273 3535 1382 3580 eorum

275 3604 347 3661 rarii
361 3606 477 3681 generis
502 3606 641 3665 convenis
664 3606 857 3667 habitandum
879 3607 980 3669 dedit:
1000 3609 1045 3669 illi
1058 3610 1328 3691 Alexandropolim
1344 3634 1383 3675 ex

275 3698 394 3757 nornine
408 3700 536 3758 auctoris
557 3701 604 3759 sui
629 3701 838 3780 appellavere.b
878 3706 907 3764 ³.
929 3704 1085 3785 Philippus
1105 3720 1215 3767 eventu
1235 3711 1279 3768 rei
1303 3730 1383 3790 gau·

276 3793 361 3863 dens,
384 3806 512 3853 ceterum
536 3794 679 3868 solicitus,
705 3817 742 3856 ne
767 3818 823 3858 suo
847 3800 966 3859 arbitrio
988 3801 1150 3881 permissus
1173 3803 1384 3869 adolescentis

277 3888 403 3961 enimus,
414 3890 524 3968 majore
535 3891 643 3951 viribus
654 3912 722 3953 cum
735 3894 825 3955 exitio
837 3908 1023 3975 capesseret;
1038 3900 1269 3974 evocariteum
1285 3916 1335 3981 ut,
1350 3926 1385 3966 se

339 4073 412 4123 Cnrt.
423 4088 460 4126 rr.
473 4084 497 4127 5.
509 4082 548 4127 tu.
874 4091 887 4117 ⁸
902 4084 973 4135 Plnt.
985 4085 1064 4137 Alex.
1076 4103 1102 4153 p.
1111 4094 1170 4142 668.

307 4152 322 4181 ·⁰
338 4147 410 4199 curt.
431 4166 493 4203 vrrs.
513 4157 552 4204 ll.
573 4154 613 4201 bl.
635 4152 705 4206 Plet.
725 4154 803 4205 Ales.
874 4157 976 4208 ιΙἸιιῑ.
997 4161 1071 4213 ntes.
1089 4165 1109 4215 1.
1129 4168 1146 4216 l.
1167 4166 1300 4231 dteplrsn.
1325 4186 1385 4221 voc.

279 4226 372 4284 pute.
841 4230 1010 4298 Ἀλοξάήριιι.
