2925 4867
370 366 409 415 nt
434 366 610 431 Qnrnrnur
635 366 811 417 nuurrurr
837 368 983 417 surus.
1176 354 1220 419 nt

117 520 195 585 aaa,
214 506 282 592 qni·
292 507 492 575 Gratianum
506 508 726 587 interfecerat,
748 507 917 590 Eugenium
930 516 1034 592 atque
1049 506 1220 594 arbogas-

116 617 185 687 rae,
205 612 280 695 qui,
302 610 390 675 alins
412 616 492 694 post
513 611 617 677 alium
638 619 823 695 surgentes,
846 610 1010 690 fenerant,
1031 619 1071 676 nt
1085 612 1120 677 in
1142 615 1220 697 ipsu

116 714 255 779 minum
269 712 353 777 ritae
366 712 432 777 tine
451 732 584 796 pacem,
607 732 710 797 qnam
735 713 948 796 quasiverat,
962 715 1220 781 nancisceretur.

121 814 241 899 Neque
262 817 273 850 ⁸
288 811 421 880 subita’
436 832 516 895 ergo
539 820 551 851 ‘
567 810 762 879 serenitate'
776 813 938 879 discussit
951 821 1096 891 neamus,
1117 836 1219 900 qnam

117 934 219 999 pane
233 934 422 999 supremam
436 915 554 982 babuit
567 916 746 999 imperium
761 914 970 981 Romanum.

162 1017 416 1083 litusnnstmus
444 1018 578 1083 tandem
603 1016 757 1099 Baguolu
785 1017 819 1079 iu
846 1016 934 1081 libro
955 1038 1060 1102 supra
1085 1020 1220 1087 laudato

117 1118 275 1185 Curtium
288 1117 501 1185 Constantini
516 1116 566 1183 M.
581 1116 743 1203 emperor
754 1117 863 1182 inisse
883 1118 997 1183 moltis
1012 1120 1221 1189 demonstrat

116 1220 261 1305 ejusque
275 1220 516 1303 argumentatio
529 1217 665 1283 hissera
680 1219 799 1284 nititur
811 1217 1013 1285 rationibus:

162 1323 202 1387 Si
221 1322 421 1405 respicimus
442 1320 559 1399 verba,
581 1340 658 1405 qum
681 1319 878 1405 praecedunt
898 1320 1004 1386 Curtii
1026 1322 1138 1389 iocum
1152 1344 1219 1392 saa·

116 1425 197 1514 pins
210 1422 398 1501 laudatum,
411 1421 489 1488 inde
502 1423 546 1487 ab
559 1423 657 1487 initio
671 1422 797 1506 cepitis
811 1422 890 1487 noni
912 1429 948 1488 et
968 1444 1048 1507 qum
1060 1426 1219 1493 obssrra·

116 1525 202 1589 tiuui
212 1525 431 1607 subsequenti
445 1524 543 1608 quasi
556 1543 674 1589 ausam
688 1524 922 1608 prebuerunt:
944 1529 955 1561 ‘
969 1525 1039 1590 Sed
1047 1526 1122 1610 jam
1136 1529 1218 1594 fatis

116 1626 377 1691 admovebantur
392 1623 611 1691 Macedonum
623 1625 713 1708 genti
733 1625 842 1690 ‘bella
854 1625 1007 1717 civilia!¹
1022 1628 1113 1693 Nam
1126 1632 1219 1696 insu.

115 1725 496 1807 eiabileestragnumet
510 1746 532 1791 a
545 1726 698 1810 pluribus
708 1727 951 1810 expetebatur?
977 1728 1128 1795 Primum
1140 1750 1220 1815 ergo

115 1826 284 1909 collegere
298 1826 400 1907 vires,
416 1826 534 1896 deiude
555 1825 784 1911 disperserunt
804 1834 838 1893 et
856 1832 954 1894 ‘cum
974 1831 1129 1913 pluribus
1143 1850 1219 1898 cor·
1286 1850 1294 1866 ·

115 1948 193 2012 pus,
222 1948 326 2013 quam
346 1929 518 2013 capiebat,
540 1935 748 2008 onerassent,
771 1937 882 1997 catera
909 1932 1056 1996 membra
1080 1931 1219 1999 deiicere

115 2036 312 2109 coeperam:
348 2028 506 2115 qnodque
534 2029 711 2113 imperium
737 2032 803 2095 sub
827 2050 895 2095 nno
920 2040 1010 2096 stare
1038 2034 1219 2115 potuisset,

113 2130 198 2195 dum
218 2149 241 2195 a
262 2130 414 2215 pluribus
438 2129 629 2207 sustinetur,
654 2129 741 2207 ruit,'
763 2131 822 2196 rix
847 2129 984 2197 dubium
1011 2133 1218 2217 relinquitur,

112 2230 209 2299 illam
226 2233 359 2297 auctori
369 2240 556 2317 temporum
570 2230 806 2297 contusionem
828 2238 903 2296 ante
918 2232 1037 2299 oculos
1051 2244 1219 2301 versatam

112 2352 206 2416 esse,
229 2354 299 2418 qua
313 2334 540 2401 Romanorum
556 2333 768 2417 Respublica
783 2334 847 2399 sub
858 2334 947 2417 ipsis
960 2334 1091 2421 imperii
1105 2339 1220 2422 auspi·

113 2435 179 2501 niis
205 2436 421 2501 Constantini
450 2436 502 2501 Μ.
529 2438 772 2500 concuteretur.
817 2432 877 2499 ‘A
905 2434 1063 2521 pluribus
1084 2446 1220 2523 expete-

113 2537 213 2603 batur
227 2536 383 2620 regnum’
427 2535 517 2603 Nam
529 2536 759 2615 Constantius,
771 2534 979 2602 Constantini
995 2542 1102 2621 pater,
1118 2544 1219 2623 atque

114 2636 349 2703 Armentarius
363 2637 520 2704 cesares
533 2636 680 2721 Augusti
694 2638 938 2721 appellantur,⁸
951 2639 1075 2704 creatis
1101 2639 1219 2706 Cacsa-

113 2740 222 2816 ribus,
237 2740 367 2805 Severe
382 2739 601 2822 peritaiiam,
613 2738 805 2804 Maximino
818 2755 879 2821 per
890 2735 1075 2817 Orientem,
1086 2740 1220 2805 eodem-

113 2860 184 2925 qne
197 2852 347 2925 tempore
360 2840 600 2907 Constantinus
616 2837 735 2905 Caesar
742 2836 895 2904 efficitur.
940 2836 1136 2904 Maxentius
1150 2836 1219 2905 Im-

110 2946 263 3025 perator,
275 2941 397 3007 debinc
418 2940 533 3021 Lieins
554 2940 740 3024 Augustus,
754 2940 897 3024 parique
909 2940 1013 3005 modo
1026 2939 1220 3007 Alexander

113 3044 212 3127 apud
227 3042 461 3125 Carthaginem
474 3042 663 3127 Imperator
676 3042 723 3107 fit.
768 3042 880 3107 Simili
893 3040 1015 3105 deinde
1028 3042 1132 3108 modo
1145 3043 1219 3110 Va·

111 3144 189 3209 iens
203 3143 388 3231 Imperator
403 3151 543 3223 creatur,
556 3146 618 3210 dtu.
651 3144 747 3209 Idem
759 3147 901 3209 testator
911 3142 1095 3227 Eutropius
1105 3144 1165 3212 lib.
1177 3162 1218 3212 x.

112 3246 149 3311 1·
164 3266 263 3329 sous·
359 3266 365 3279 ·

155 3346 247 3411 Tum
269 3364 347 3411 vere
367 3346 565 3416 ‘discordia
585 3350 735 3415 membra
756 3349 973 3433 trepidabant
994 3350 1066 3413 siue
1082 3368 1146 3415 sno
1160 3370 1219 3415 ca·

109 3448 214 3533 pite!
248 3448 335 3514 Cum
349 3449 383 3513 iu
397 3448 461 3515 bac
476 3452 572 3517 turba
583 3451 799 3536 omniumque
812 3470 921 3515 rerum
936 3451 1114 3516 avenione
1127 3450 1219 3515 Cou-

108 3550 260 3615 stantios
274 3549 346 3615 vita
358 3549 572 3630 decessisset,
586 3551 826 3617 Constantinus
840 3552 874 3616 iu
890 3551 1063 3617 Britannia
1083 3560 1218 3617 creatus
1258 3562 1269 3577 ⁸

106 3657 167 3717 est
181 3649 370 3735 Imperator
384 3658 418 3717 et
429 3652 465 3717 in
478 3654 591 3719 lucum
605 3654 713 3737 patris
735 3652 1015 3737 exoptatissimus
1030 3653 1219 3718 moderator

107 3748 286 3829 attteeutrit,⁸
306 3750 500 3836 exomisqne
521 3752 641 3819 deinde
659 3753 787 3837 ubique
808 3753 967 3819 ciuilibus
987 3752 1086 3818 bellis
1111 3754 1219 3818 victor

106 3851 236 3930 evasit,
252 3862 352 3936 atque
372 3853 505 3919 taudem
524 3852 608 3919 mira
631 3854 794 3920 beliorum
816 3854 975 3919 felicitate
995 3852 1090 3917 solus
1107 3858 1219 3918 toturn

106 3952 309 4021 Romanum
322 3954 496 4037 imperinm
511 3956 666 4024 obtinuit.
709 3955 871 4043 Inprimis
894 3974 973 4021 vero
993 3954 1127 4021 Italiam
1147 3952 1218 4019 lto·

140 4192 152 4221 ¹
170 4184 262 4235 Aorsi.
276 4184 347 4235 vict.
358 4186 399 4235 tt.
411 4190 438 4233 et
450 4188 490 4237 tt.
547 4192 559 4219 ⁰
574 4187 684 4253 Eunop.
697 4197 724 4245 ι,
735 4191 762 4238 a.
781 4186 871 4238 daret.
883 4185 954 4237 Vict.
975 4182 1048 4249 Epir.
1066 4194 1183 4236 xxxrrr.
1193 4187 1217 4233 t.
