2925 4867
247 360 312 428 lul
515 441 521 451 ι
640 375 669 422 r.
693 370 944 422 enniusunnrrr

249 506 382 598 quicum
395 532 505 596 magno
522 532 591 596 rege
608 525 640 576 et
654 513 804 574 Thebanis
815 511 990 574 'Graecorum
1008 512 1171 574 libertatem
1193 511 1334 572 advertar

249 624 405 692 tyrannum
417 629 547 673 asserere
561 609 748 682 vellentem
763 607 843 690 apud
856 609 973 670 Thebae
987 609 1151 688 perfugium
1163 605 1334 667 habituros!

252 710 300 769 18.
316 707 380 768 Neo
390 715 490 767 tamen
500 705 660 767 Alexandri
672 706 795 787 imperio
807 718 979 787 oppugnata
992 708 1063 765 urba
1073 713 1135 772 ertr
1150 703 1215 777 red,
1223 713 1259 763 ut
1266 701 1336 762 Pto-

249 805 371 865 lemoeur
384 798 524 877 tradidit,¹
535 806 618 880 (nam
631 801 752 882 quidem
762 802 848 863 aliter
859 805 1001 877 narrant.)
1014 801 1182 872 Perdiccae,
1193 800 1244 878 qui
1257 799 1286 858 in
1300 817 1336 858 ea

250 907 411 962 cattorum
432 910 516 979 perte
532 900 665 973 curabat,
685 919 753 979 qute
774 898 851 960 rallo
871 897 1090 977 hostiumque
1112 894 1273 956 Cadmeam
1293 895 1338 954 in·

251 996 412 1068 eluserunt,
426 997 551 1056 obversa
563 1005 636 1072 erat,
650 1014 710 1055 non
723 1005 878 1076 expectato
893 995 978 1074 tigno
992 995 1132 1073 impetum
1145 994 1175 1053 in
1189 1009 1241 1052 eoa
1256 990 1338 1052 lecit:

252 1100 448 1170 superatoque
468 1079 776 1151 munimento'manur
794 1108 862 1150 eum
881 1091 968 1151 horte
988 1107 1142 1151 conserere
1159 1089 1265 1166 ooepit;
1290 1084 1337 1144 19.

251 1195 283 1246 et
295 1186 465 1265 Amyntam,
477 1186 528 1266 qui
540 1205 608 1246 eum
622 1206 678 1247 rua
690 1181 811 1248 cohorte
830 1187 918 1267 juxte
934 1187 1031 1268 iprum
1050 1183 1202 1256 tendebat,
1215 1191 1250 1242 ut
1261 1179 1339 1242 idem

252 1279 386 1360 auderet,
398 1283 535 1362 exemplo
547 1282 698 1360 permovit.
733 1285 784 1343 20.
799 1283 871 1342 lllox
885 1281 1054 1344 Alexander
1068 1281 1130 1342 ruia
1144 1280 1340 1348 timoratum

254 1384 318 1436 tota
329 1375 479 1456 copiarum
493 1377 569 1438 mole
583 1375 675 1451 alluit,
689 1389 721 1439 et
742 1384 750 1411 ⁸
764 1377 866 1440 leviter
879 1379 998 1440 armatis
1012 1395 1208 1459 perrumpere,
1221 1374 1341 1452 euinque

228 1469 234 1485 ’
254 1470 365 1550 rutilio
377 1471 435 1532 ire'
450 1471 556 1552 joarin,
568 1474 633 1554 ipre
645 1492 713 1534 oum
725 1472 847 1553 reliquie
863 1473 1007 1554 provallo
1020 1471 1161 1534 substitit.
1202 1472 1253 1529 2l.
1274 1467 1342 1528 Acri

253 1574 391 1629 conserto
413 1569 515 1648 prrelio
533 1568 701 1642 Perdiccae,
721 1569 792 1632 dum
813 1571 933 1632 interius
951 1569 1061 1632 vallum
1078 1568 1205 1643 molitur,
1217 1566 1343 1642 graviter

255 1664 374 1724 ranciue
394 1682 496 1744 pugna
515 1663 676 1734 ed'erturr⁸
693 1676 724 1727 et
737 1665 923 1727 Cretensium
937 1665 1154 1746 sagittariorum
1167 1661 1263 1735 multi,
1275 1679 1345 1722 eum

256 1759 408 1839 Eurybota
434 1758 510 1820 duce
538 1778 593 1820 ruo
619 1759 742 1822 cadunt.
782 1759 915 1822 Thebani
941 1759 1084 1842 perculsit
1107 1760 1230 1828 instant,
1251 1767 1282 1816 et
1303 1755 1344 1816 ad

256 1853 458 1914 Alexandrum
479 1853 659 1932 refugientes
680 1857 887 1936 inrequuntur.
927 1859 976 1917 22.
998 1856 1043 1917 lbi
1056 1874 1125 1916 eum
1138 1873 1190 1916 rex
1203 1855 1346 1914 instructa

255 1948 404 2030 phalenge
420 1949 572 2031 dieperror
583 1960 615 2012 et
626 1953 761 2013 turbatae
779 1953 909 2012 hortium
922 1952 1041 2012 ordiner
1054 1949 1224 2017 invaderet:
1246 1948 1346 2008 rtatim

256 2065 342 2105 versa
358 2067 468 2128 pugnm
491 2051 620 2122 lomene,
641 2058 725 2108 tenta
738 2047 944 2109 Thebanorum
959 2046 1115 2128 trepidatio
1128 2046 1194 2119 luit,
1207 2055 1242 2104 ut
1255 2063 1291 2104 ne
1305 2043 1346 2102 ad

257 2153 357 2220 portur
382 2144 512 2222 quidem,
535 2166 588 2225 per
611 2163 687 2224 quar
710 2143 741 2201 in
765 2143 866 2202 urbem
890 2161 923 2202 re
946 2149 1127 2222 receperant,
1145 2136 1347 2200 occludendum

257 2247 357 2297 mente
366 2251 584 2318 competerent:
598 2239 685 2300 rimul
696 2237 747 2318 qui
759 2236 921 2298 Cadmeam
930 2238 1081 2306 tenebunt,
1089 2233 1279 2314 in·rubjector
1287 2235 1349 2294 arei

151 2338 155 2351 '
257 2331 340 2390 vicos
353 2346 553 2395 excurrerunt.
593 2338 644 2395 23.
659 2336 705 2394 ltu
718 2331 1034 2394 nobilirrimaGrmeioe
1046 2334 1116 2392 urbs
1130 2331 1207 2390 intra
1220 2329 1350 2392 eundern

259 2425 337 2483 diem
359 2439 534 2507 oppugnata
555 2439 587 2489 et
605 2438 694 2509 eapte
712 2438 770 2491 ert.
813 2428 934 2488 Nullum
949 2427 979 2488 in
1001 2445 1038 2488 ea
1051 2425 1234 2486 crudelitatis
1249 2444 1351 2486 exem·

258 2518 339 2600 plum
352 2525 582 2600 praetermireum
600 2534 736 2586 constet:
756 2524 834 2584 viror
847 2523 1041 2603 framinatque
1054 2519 1220 2602 promiscua
1234 2531 1352 2600 etregee

259 2615 386 2686 haurite
398 2637 454 2679 nee
475 2621 512 2680 ab
532 2621 715 2701 impuberum
734 2620 818 2682 narde
838 2631 1031 2698 temperatum
1045 2629 1102 2680 ert.
1142 2619 1192 2678 24.
1213 2617 1353 2678 Phocen-

260 2712 335 2773 eium
350 2713 618 2796 Platmenriumque
632 2727 663 2778 et
676 2716 938 2777 Orchomeniorum
962 2727 992 2776 et
1012 2713 1236 2793 Thespienrium
1254 2731 1291 2773 ee
1304 2713 1353 2773 in-

260 2807 350 2868 famia
362 2809 434 2877 luite
443 2817 456 2844 '¹
471 2812 579 2890 quibus
592 2813 673 2885 olim,
688 2813 759 2872 dum
772 2812 915 2873 Tbebena
928 2831 976 2872 ren
988 2810 1117 2880 valebat,
1130 2809 1234 2870 rioinoe
1247 2808 1354 2868 civim-

189 2933 195 2942 ·
261 2903 300 2962 tir
314 2903 601 2982 opulentiaexitioea
614 2908 726 2969 luerat:
748 2905 929 2968 Macedones
954 2905 1032 2966 ultra
1054 2904 1100 2964 lna
1122 2903 1191 2964 belli
1211 2923 1272 2963 non
1295 2923 1356 2964 ree·

261 2999 349 3059 viere.
390 3003 440 3061 25.
461 3003 604 3078 Tandem,
626 3012 683 3065 ‘ut
694 3003 828 3064 otedibun
841 3001 1057 3075 abstineretun'
1069 2999 1281 3079 proclamatum
1296 3007 1357 3072 eet,

261 3113 331 3155 oum
351 3094 415 3175 jem
439 3117 492 3161 sex
515 3098 665 3160 hominum
686 3098 798 3160 millia⁰
815 3098 988 3178 periissent:
1009 3096 1115 3158 oeteria
1128 3095 1234 3174 captia,
1248 3095 1285 3154 ad
1301 3097 1357 3156 tri-

263 3191 347 3271 ginta
361 3190 453 3254 millia
466 3193 621 3256 liberorum
634 3195 764 3274 capitum
787 3195 951 3254 venierunt.
992 3193 1042 3253 26.
1062 3197 1072 3226 ⁴
1088 3189 1133 3249 Ex
1151 3189 1231 3250 omni
1251 3191 1359 3270 preda

262 3287 479 3370 quadringenta
500 3299 532 3350 et
556 3289 755 3370 quadraginte
778 3287 892 3349 talenta
913 3286 1035 3350 redacta
1054 3283 1162 3348 luirre'
1184 3285 1360 3346 Clitarchus

262 3383 424 3446 rmuidirzr
437 3386 498 3458 alii,
513 3394 569 3446 ‘ex
583 3387 677 3466 pretio
690 3385 871 3464 captivorum
885 3384 916 3444 id
926 3381 1060 3464 pecunia
1074 3380 1254 3442 ellectum!t
1274 3383 1363 3442 Cen-

262 3488 326 3538 tum
338 3481 460 3552 talenta,
475 3501 542 3560 qum
568 3481 715 3544 Thebanis
733 3479 869 3561 Thessali
893 3477 1052 3550 debebant,
1077 3475 1246 3537 Alexander
1266 3477 1362 3538 eoeiie

263 3583 388 3653 eccepto
403 3574 481 3636 tulit.
522 3577 574 3637 27.
595 3578 687 3638 Peuci
699 3595 776 3655 quoe
790 3576 899 3638 bellum
918 3573 1096 3636 dirruaniaee
1109 3572 1277 3644 cantabat,
1292 3589 1363 3632 aer-

182 3719 188 3726 .
262 3670 386 3730 vitutem
401 3669 585 3749 effugerunt:
604 3674 674 3734 item
688 3671 882 3747 sacerdotes,¹
894 3682 926 3732 et
946 3688 1070 3750 quorum
1091 3667 1221 3746 hoapitio
1236 3687 1284 3726 rer
1296 3685 1365 3746 pa-

262 3776 342 3826 terve
355 3765 420 3846 ejur
434 3786 506 3828 urar
520 3777 610 3829 erret.
650 3771 700 3830 28.
722 3769 769 3830 Er
782 3767 901 3846 reliquis
913 3763 1078 3826 'limoelee‘
1091 3763 1198 3823 nobilio
1216 3762 1368 3824 facinoris

294 3939 301 3973 ¹
318 3938 422 3990 Arrian.
440 3954 459 3991 r.
479 3944 504 3991 8.
522 3939 640 4005 Poryen.
657 3935 789 3992 Strutrv.
862 3949 874 3982 r
890 3938 1031 3990 Athenaeus
1041 3949 1080 3988 ιν.

266 4020 291 4065 t.
301 4014 342 4066 12.
862 4025 874 4059 r
891 4013 967 4065 Diod.
977 4015 996 4066 1.
1007 4013 1027 4061 l.

297 4097 316 4124 ¹¹
328 4088 432 4141 Arrian.
443 4091 460 4141 l.
472 4092 491 4141 l.
862 4097 872 4126 ¹
888 4091 960 4140 Plnt.
972 4087 1050 4139 Alex.
1061 4101 1087 4152 p.
1097 4089 1155 4138 ⁰2⁰.
1165 4085 1275 4136 AEliruut
1285 4082 1369 4135 Ver.

298 4173 310 4199 ¹
327 4166 429 4216 Arrlen.
439 4168 456 4220 Ι.
466 4170 483 4219 Ι.
499 4167 577 4220 Diod·
587 4182 659 4220 xvir.
669 4185 695 4234 p.
706 4173 764 4218 toll.
831 4165 900 4216 ilint.
911 4169 1007 4216 xrrnt.

297 4247 309 4275 ⁰
325 4239 401 4290 Diod.
413 4241 430 4292 l.
442 4242 460 4294 l.
863 4249 872 4275 ¹
889 4239 958 4293 Plut.
971 4241 1045 4292 Alex.
1057 4240 1074 4289 l.
1084 4239 1103 4288 l.
1118 4237 1160 4289 ld.
1172 4237 1206 4288 de
1216 4235 1280 4288 Virt.
1291 4233 1374 4288 Mn·
