2925 4867
346 365 475 416 aurea.
498 365 537 414 ιιι
563 367 598 427 o.
620 365 797 418 onacrurr
822 367 896 417 ura.
921 369 961 417 ιι.
1133 353 1198 420 uu

107 506 183 588 priua
195 525 317 586 operam
329 506 416 574 daret
431 508 549 576 liberia;
569 517 602 568 et
613 508 816 570 incolumitate
837 511 940 589 patrie
953 511 1078 584 firmate,
1091 509 1133 572 ita
1144 509 1198 572 de·

109 623 184 662 ιιιιιιιι
203 603 243 664 de
259 603 442 665 incremento
460 605 526 685 ejua
546 604 711 685 cogitaret'
753 609 783 668 3.
804 606 923 686 Quippe
944 615 1051 684 praeter
1070 604 1200 666 Alexan·

109 697 189 760 dcam
202 719 291 760 nemo
304 720 343 760 ex
356 700 485 781 Philippi
506 702 653 781 sangnine
666 701 777 782 dignun
790 702 911 781 imperio
924 709 1086 782 adpareret.
1107 702 1197 763 Cleo-

110 805 198 873 patrae
209 797 314 857 eobole
327 815 380 877 per
399 797 607 879 Olympiadem
621 799 805 878 intercepta:
826 797 964 858 Arideeua
984 797 1121 860 cordibus
1135 817 1198 858 ma·

110 891 180 950 terni
194 893 335 970 generis,b
346 906 378 954 et
391 895 510 954 turbata
521 903 620 954 mente
640 892 849 956 Macedoniam
871 893 1014 955 dedecere
1028 895 1199 973 putabatur.

109 991 137 1046 4.
156 987 266 1047 Verum
280 988 332 1048 ille
356 989 463 1067 quietia
482 988 651 1067 impatienu
665 988 738 1049 nilril
758 989 815 1050 niei
838 990 961 1063 bellurn,
975 999 1007 1050 ct
1026 1009 1064 1051 ex
1078 990 1200 1054 victorie

109 1082 229 1161 gloriam
249 1083 371 1144 midae
383 1084 563 1164 cogitatione
584 1083 730 1145 volvebat.
772 1084 876 1162 Igitur,
895 1085 977 1146 ‘Vna
1001 1084 1201 1164 quidem‚’in-

109 1179 182 1257 quit,
195 1185 204 1213 ⁶
218 1189 253 1238 ut
265 1181 375 1258 probos
388 1190 418 1244 et
432 1191 566 1241 amantea
585 1181 690 1259 patriae
702 1181 781 1240 virne
802 1179 900 1255 decet,
912 1181 951 1242 de
975 1181 1138 1242 commodie
1152 1181 1204 1246 ad·

109 1274 258 1353 vemiaqne
270 1273 351 1336 illine
370 1275 452 1336 haud
466 1275 530 1336 aine
552 1295 646 1336 cauae
659 1275 768 1337 aoliciti
787 1276 871 1336 ertia
913 1279 942 1337 5.
964 1277 1098 1338 Arduum
1113 1279 1202 1351 enim,

108 1367 173 1447 quia
187 1369 299 1448 negent
318 1389 395 1450 opna
416 1369 558 1443 ordimur,
575 1369 656 1449 quod
677 1371 768 1430 eemel
792 1379 900 1432 temera
920 1383 1061 1451 coeptum,
1076 1372 1100 1432 ai
1113 1393 1203 1434 evcn-

109 1475 156 1524 tua
178 1475 294 1544 arguat,
318 1484 385 1526 aera
411 1465 586 1545 penitentia
611 1483 799 1545 naquaquam
820 1465 1030 1527 emendaverit.
1073 1469 1103 1528 6.
1127 1467 1205 1532 Nam

110 1570 268 1640 autequam
287 1561 352 1623 vela
373 1564 534 1634 aolvamua,
554 1561 693 1640 nauigare
710 1561 847 1634 velimua,
860 1581 898 1622 an
919 1563 1081 1640 quiescere,
1103 1574 1208 1624 noatra

107 1657 287 1718 conaeltatio
299 1669 363 1720 eat:
382 1678 451 1720 eum
465 1658 560 1718 ventio
573 1658 770 1738 fluctibnaque
789 1677 844 1718 noa
864 1658 1087 1730 crediderimus,
1111 1659 1139 1716 in
1160 1659 1206 1737 ip-

110 1773 208 1813 aorum
222 1753 341 1815 arbitrio
353 1756 450 1815 omnia
464 1764 565 1814 noeter
588 1773 693 1814 curcua
714 1754 781 1814 erit.
822 1757 851 1815 7.
874 1755 978 1833 ltaque
1003 1772 1063 1814 non
1083 1755 1209 1814 molente

110 1850 173 1910 tero
194 1857 323 1910 ventrem
347 1850 549 1931 opinionema
570 1852 719 1910 tentantia
740 1867 805 1912 mea
829 1848 994 1920 diaaiderer
1015 1851 1086 1930 quin
1108 1851 1210 1930 potina

110 1944 437 2026 aimplicitatemlaudo,
450 1965 564 2026 noeque
576 1965 691 2026 precor,
706 1957 740 2006 ut
754 1947 784 2005 in
795 1946 830 2008 iia
844 1947 933 2006 etiam
947 1946 985 2006 de
999 1946 1106 2024 quibua
1120 1964 1208 2025 porro

107 2042 261 2114 referetur,
282 2041 388 2102 codem
407 2042 544 2103 instituto
569 2043 703 2103 utamini.
745 2045 775 2102 8.
798 2042 892 2102 Amici
912 2059 1025 2118 regum,
1050 2041 1075 2100 ai
1095 2041 1146 2119 qui
1171 2058 1208 2100 eo

109 2137 228 2198 nominc
242 2137 418 2218 digereret,
431 2156 493 2198 uon
507 2148 568 2198 tam
581 2138 706 2216 gretiam
719 2155 831 2208 eorum,
840 2154 928 2215 quarn
944 2133 1102 2194 utilitatem
1116 2144 1207 2214 atque

108 2231 201 2294 denua
213 2233 244 2292 in
259 2233 384 2293 coneilio
397 2233 518 2294 lrabeat.
560 2231 618 2300 Qui
633 2231 718 2291 aliter
728 2231 790 2290 fieri
803 2240 916 2303 censet,
931 2249 1020 2310 qnam
1034 2230 1097 2310 ipse
1113 2230 1207 2291 iectu·

105 2347 155 2388 rna
169 2338 245 2400 erat,
260 2347 320 2388 nnn
334 2329 452 2388 inatruit
465 2327 676 2403 consultorem,
692 2326 747 2386 aed
756 2325 876 2408 decipit.
917 2329 947 2388 9.
970 2328 1119 2400 Ceterum,
1129 2337 1162 2386 ut
1175 2339 1206 2388 et

107 2424 190 2484 nobie
204 2419 322 2484 consilii
337 2422 393 2482 mei
407 2424 483 2483 ratio
505 2432 616 2501 pateat,
636 2433 748 2483 certum
772 2421 880 2495 habeo,
896 2422 966 2482 nihil
981 2423 1078 2483 minua
1099 2442 1208 2484 conve-

107 2519 170 2580 nire
185 2521 274 2580 rebua
288 2521 372 2590 meir,
385 2539 475 2600 quem
490 2519 672 2580 dilationem.
716 2521 764 2580 10.
786 2519 874 2578 Omni
888 2537 955 2598 qum
969 2518 1047 2578 circa
1061 2518 1207 2578 Macedo·

106 2617 186 2676 niam
210 2614 283 2675 colit
302 2615 437 2676 barbarie
456 2627 575 2694 pacata,
586 2616 783 2694 extinctieque
798 2614 970 2678 Graecorum
992 2614 1132 2686 motibus,
1147 2616 1206 2674 ior·

106 2710 257 2772 tiaaimum
274 2711 570 2789 dorentiaaimumque
594 2713 752 2773 exercitum
767 2711 829 2771 otio
849 2721 879 2772 et
893 2708 1010 2770 desidie
1023 2709 1113 2770 dilabi
1129 2711 1205 2790 peti·

105 2825 192 2866 mur:
215 2825 255 2864 an
269 2806 367 2885 potina
380 2806 411 2866 in
435 2807 676 2886 opulentiaaimaa
690 2808 771 2866 Aaiae
790 2807 925 2886 regiones
944 2805 1122 2880 inducimus,
1135 2797 1204 2866 olirn

106 2903 329 2982 poaaeaaionem
346 2901 410 2981 ejus
425 2921 477 2981 ape
499 2904 697 2982 complexum,
711 2912 742 2963 et
755 2901 878 2982 praemia
897 2902 1041 2974 laborum,
1055 2921 1131 2982 quoe
1153 2902 1204 2962 diu

107 2999 165 3058 aub
178 3007 265 3078 petre
278 3015 355 3069 meo,
370 2997 479 3057 deinde
493 2998 579 3058 nobie
593 2999 804 3077 imperantibus
819 2998 936 3060 tertium
952 2999 1015 3078 jem
1029 3015 1138 3058 annum
1154 3017 1206 3058 ex·

105 3094 221 3165 haunit,
234 3112 272 3153 cx
285 3093 442 3153 Peraarnm
462 3094 564 3174 spoliis
582 3094 790 3174 expetentem?
835 3097 881 3154 ll.
904 3094 1020 3152 Novum
1037 3093 1136 3154 adhuc
1149 3093 1204 3154 inr-

105 3191 222 3271 perium
237 3188 321 3248 Darii
334 3197 391 3261 eat,
404 3197 436 3248 et
446 3190 601 3250 interiecto
614 3191 741 3270 Ragnar
754 3191 838 3270 cujus
852 3189 998 3250 beneficio.
1009 3197 1124 3268 regnat,
1137 3207 1204 3250 cru·

106 3285 241 3346 delitatia
252 3295 284 3344 et
295 3283 516 3362 ingratitudinis
528 3287 728 3366 suspicionem
740 3286 819 3365 apud
830 3304 900 3346 auoe
914 3284 1054 3346 incurrit:
1075 3303 1143 3363 quaa
1156 3303 1203 3346 ree

107 3382 238 3463 optimos
248 3399 361 3452 eorum,
375 3380 426 3458 qui
441 3393 555 3461 parent,
571 3381 641 3441 odio
662 3381 804 3442 adversus
829 3380 1007 3460 imperanter
1029 3378 1162 3458 implent,
1173 3389 1204 3439 et

107 3477 306 3556 adobaequie
318 3477 480 3554 angulares,
493 3489 545 3538 eut
557 3478 646 3539 etiam
665 3479 836 3558 proeirectoa
857 3475 996 3537 reddunt.
1041 3475 1088 3534 12.
1111 3474 1205 3535 Num·

108 3575 182 3654 quid
196 3573 377 3643 sedebimus,
391 3572 462 3634 dum
482 3575 642 3636 auctoritas
666 3574 731 3655 ejua
751 3576 959 3642 confirmatum
981 3581 1012 3631 et
1023 3572 1111 3630 rebus
1126 3570 1206 3631 domi

109 3691 164 3750 per
186 3670 280 3730 otium
301 3669 482 3749 compositis,
501 3671 579 3730 ultro
601 3671 711 3730 bellum
736 3673 767 3730 in
793 3669 1000 3730 Macedoniam
1025 3667 1206 3727 transferent

111 3765 213 3826 Melta
234 3764 394 3824 celeritatis
407 3764 529 3843 praemia
550 3776 630 3838 aunt,
644 3786 712 3846 qum
726 3765 810 3826 nobie
822 3763 1017 3826 'conuentibus
1030 3762 1068 3822 ad
1090 3761 1206 3822 hostem

109 3862 311 3941 pertinebunt.
356 3861 403 3921 13.
424 3860 568 3942 Magnum
582 3863 612 3922 in
635 3863 777 3942 ejusmodi
793 3861 919 3940 negotiis
943 3867 1122 3920 momentum
1137 3867 1205 3936 post

111 3977 145 4020 aa
171 3955 261 4017 trahit
284 3956 378 4034 prima
403 3957 564 4020 animorum
591 3958 757 4021 inclinatio:
777 3969 808 4020 at
832 3957 882 4018 ille
909 3975 1023 4036 temper
1049 3955 1206 4036 occupanti

141 4129 156 4163 ⁸
174 4127 640 4192 Athenanainlliatdel’lrilopatre.
712 4133 724 4158 ²
741 4126 814 4175 Cnrt.
827 4127 901 4174 ιιι4.
915 4126 954 4174 lo.

111 4205 185 4257 Plet.
198 4205 537 4258 :inconcinnarum
948 4235 951 4244 ι

180 4287 448 4353 nuperrimae.
618 4284 735 4339 cent.
1119 4263 1147 4315 a
