2925 4867
244 359 267 425 8
681 372 903 423 sanamus.

246 520 393 583 omum
402 514 551 581 dotoriis
563 513 655 577 brevi
670 515 823 597 tempore
837 513 951 589 omnia
964 528 1123 595 pausa,
1130 511 1263 597 sibique
1271 514 1333 579 uni

244 617 441 699 subjecisse.
484 615 542 679 Sic
563 632 650 699 pace
670 614 836 691 restituta,
860 613 972 695 legum
989 614 1170 679 severitate
1192 614 1333 691 firmata,

245 716 410 783 literarum
425 716 545 781 studiis
559 714 848 791 reviviscentibus,
861 712 989 779 iactum
1002 733 1089 791 esse,
1109 722 1148 779 nt
1160 714 1336 799 imperium

246 836 313 881 non
325 817 540 883 reviresceret
554 814 676 892 solum,
690 814 751 879 sed
764 815 870 879 etiam
883 814 1024 881 floreret.
1055 816 1139 881 Tres
1152 836 1229 882 eum
1243 816 1335 881 dlios

246 917 435 999 reliquisse,
450 914 718 992 Constantinum,
741 914 1269 996 munacianensis,
1286 920 1338 982 at·

245 1036 310 1098 que
324 1018 439 1100 plnres
462 1016 678 1100 propinquos,
701 1034 799 1080 nemo
811 1016 1062 1082 nescit-Haec
1076 1018 1275 1101 conjectura
1288 1036 1339 1083 te·

247 1116 441 1181 cautissimo
455 1116 573 1180 editori
588 1115 842 1181 verosimillima
855 1114 999 1195 videtur,
1014 1118 1076 1183 sed
1099 1118 1175 1201 ipsa
1192 1136 1339 1201 quoque,

246 1236 325 1301 quse
348 1217 543 1301 reprehendi
567 1218 708 1301 possint,
732 1218 844 1283 habet
897 1217 1140 1285 Constantinus
1163 1218 1338 1301 Augustus

248 1318 440 1401 appellatus
465 1323 518 1381 est
541 1336 628 1383 anno
651 1325 732 1402 post
758 1316 836 1383 Clu.
859 1340 893 1385 u.
906 1319 983 1385 306.
1026 1318 1127 1383 Solus
1154 1316 1340 1401 Imperator

245 1418 358 1485 iactus
371 1424 449 1503 post
464 1418 573 1484 Licini
587 1424 729 1485 mortem
743 1418 788 1482 lt.
800 1419 876 1487 823.
921 1418 1126 1485 ‘Subitaue'
1145 1417 1247 1501 igitur
1269 1421 1340 1510 fse-

246 1518 391 1585 reuitas'
412 1519 575 1603 appellari
601 1526 726 1603 potest,
750 1539 827 1604 quae
847 1526 928 1605 post
952 1533 1052 1583 xvrr.
1074 1517 1206 1583 tandem
1229 1536 1338 1583 annos

249 1626 481 1704 tempestatem
504 1620 689 1685 discussitl
734 1619 1083 1695 ‘Facesextinxissa
1103 1617 1236 1699 gladios
1262 1638 1340 1684 cou-

248 1721 375 1787 didisse
388 1722 397 1748 ’
419 1722 451 1787 is
471 1729 598 1788 tantum
612 1721 682 1787 dici
696 1740 798 1805 posse
813 1722 961 1798 ridetur,
983 1720 1042 1803 qui
1056 1718 1182 1783 salubri
1195 1718 1339 1797 ratione,

247 1840 291 1887 ne
303 1822 430 1887 bellum
448 1822 520 1905 jam
533 1829 689 1905 paratum
703 1829 846 1905 geratur,
860 1829 972 1889 cavet.
1014 1819 1109 1899 Quot
1123 1838 1203 1883 vero
1217 1820 1340 1903 praelia

248 1922 418 1987 commisit
432 1920 681 1999 Constantinus,
693 1930 872 2004 antequam
887 1922 1076 2005 Imperator
1091 1927 1162 1985 erat
1177 1920 1340 1985 solust-

249 2020 469 2106 Reliquorum
484 2024 718 2090 eeutentiarum
732 2023 820 2087 nulla
830 2022 1032 2087 firmioribus
1043 2022 1156 2087 nititur
1169 2039 1340 2101 argumen-

248 2123 306 2199 tis,
320 2122 466 2206 indeque
481 2129 616 2188 aetatem
632 2122 740 2188 Curtii
753 2122 899 2205 ignorari
920 2122 1031 2205 palam
1044 2127 1108 2187 est.
1151 2119 1233 2186 Non
1253 2138 1341 2184 unns

249 2222 295 2301 Q.
312 2220 449 2287 Curtius
464 2222 575 2287 Rufus
588 2223 713 2307 passim
729 2222 820 2306 apud
837 2228 964 2287 veteres
984 2228 1271 2297 commemoratur,
1294 2239 1341 2285 ex

249 2340 392 2403 quorum
406 2342 543 2391 nurnero
558 2332 665 2389 utrum
682 2321 807 2387 Noster
819 2322 929 2399 fuerit,
942 2321 1103 2386 incertum
1116 2327 1190 2401 est;
1204 2320 1246 2385 de
1255 2319 1341 2387 Gur·

249 2423 299 2486 tio
314 2422 492 2489 Historioo
507 2430 583 2489 ante
595 2422 762 2487 soeculum
774 2422 942 2487 decimum
955 2423 1068 2487 ubiuis
1094 2429 1149 2488 est
1171 2421 1280 2486 altum
1295 2422 1343 2487 si-

251 2520 400 2587 lentium.
442 2523 528 2590 lude
551 2524 675 2589 iactum
690 2532 756 2600 est,
778 2530 818 2586 nt
840 2542 917 2587 eum
932 2522 1070 2605 qnidam
1083 2522 1170 2587 adeo
1184 2528 1343 2605 negarent

251 2621 424 2706 antiquum
438 2642 514 2689 esse
527 2622 736 2706 scriptorem,
753 2622 967 2707 suppositum
988 2622 1102 2707 potius
1122 2623 1167 2687 ab
1183 2622 1273 2688 Italo
1288 2641 1342 2688 re·

253 2722 407 2788 cautioris
422 2723 498 2788 seui.
542 2724 621 2803 Sed,
644 2730 869 2809 preterquam
890 2724 980 2808 quod
996 2722 1151 2801 Codices,
1164 2723 1223 2808 qui
1237 2742 1344 2808 supra

253 2823 478 2906 septingentos
493 2830 528 2887 et
541 2826 747 2908 octingentos
762 2843 865 2891 anuos
875 2826 998 2890 habere
1009 2824 1199 2903 creduntur,
1214 2830 1343 2902 extant,

252 2918 331 2986 aliis
345 2942 482 3008 quoque
497 2926 698 3007 argumentis
720 2926 780 2992 illa
801 2927 967 2991 sententia
981 2924 1117 2991 refutari
1134 2930 1260 3009 potest,
1279 2944 1342 2991 nec

251 3020 381 3089 fuerunt
394 3024 475 3089 inter
491 3026 580 3091 viros
595 3026 772 3105 doctiores,
785 3029 844 3111 qni
857 3028 891 3092 in
903 3042 978 3091 earn
993 3026 1086 3091 abire
1099 3025 1249 3091 mallent
1331 3070 1335 3079 -

296 3122 394 3208 Stylo
410 3145 472 3191 suo
486 3135 522 3191 et
537 3126 691 3192 Historia
705 3126 842 3193 Curtius
862 3127 985 3192 multos
999 3126 1192 3203 delectauit,
1217 3127 1342 3192 multos

253 3224 374 3309 reperit
388 3223 591 3305 laudatores,
605 3228 649 3292 ab
665 3224 812 3292 Heinsio
827 3226 913 3292 adeo
927 3226 1066 3291 ‘Venus
1077 3224 1342 3303 Historicornrn?

252 3326 452 3410 appellatus.
496 3327 553 3394 Au
569 3328 645 3394 aliis
664 3336 777 3393 autern
790 3327 904 3393 multis
925 3326 1114 3391 nominibus
1127 3325 1344 3408 reprehensus

255 3432 315 3491 est
357 3422 483 3507 Quare,
511 3429 542 3493 si
571 3431 690 3514 paucis
716 3428 907 3506 ostendero,
932 3428 1051 3510 quanti
1080 3426 1237 3493 Historia
1266 3427 1345 3512 ejus

254 3525 454 3592 assuenda
468 3528 524 3607 sit,
548 3548 661 3612 operte
684 3530 825 3613 pretium
846 3525 1087 3593 iacturusmilri
1102 3526 1229 3604 uideor,
1253 3546 1345 3611 prte-

253 3626 362 3693 sertim
376 3630 499 3695 cumin
513 3630 647 3709 scholis,
662 3630 696 3695 in
705 3631 833 3714 'quibus
847 3629 973 3713 passim
986 3627 1117 3710 legitur,
1131 3628 1243 3691 multis
1258 3625 1346 3707 His·

253 3726 349 3791 torius
364 3712 546 3794 Alexandri
560 3733 755 3816 precipuus
769 3734 817 3799 sit
829 3736 954 3795 auctor.
991 3727 1159 3810 Principio
1170 3726 1346 3807 librorum,

253 3829 312 3892 ubi
327 3827 471 3894 sortasse
482 3828 524 3895 de
539 3832 680 3899 oonsilio
695 3852 759 3899 suo
773 3833 967 3916 scripserat,
981 3827 1240 3913 perdito,exeo,
1253 3830 1346 3912 quod

253 3925 288 3990 in
303 3928 542 4010 superstitibus
556 3933 763 4015 praestiterit,
776 3930 857 4016 quid
872 3936 1029 4014 prestare
1042 3928 1196 4006 voluerit,
1210 3930 1347 4013 conjoc-

253 4025 392 4091 tandum
407 4034 472 4092 est.
514 4028 708 4113 largiamur
721 4051 798 4096 eum
813 4050 923 4096 veram
945 4028 1129 4095 Alexandri
1152 4028 1346 4097 Historiam

254 4126 397 4195 scribere
418 4128 583 4211 voluisse3
604 4130 751 4199 temnet
775 4132 923 4197 scientiis
946 4129 1119 4195 Historicu
1140 4130 1346 4197 necessariis
