2925 4867
278 384 323 453 74
678 406 709 455 r.
732 405 983 459 ssarssrrasrrr

278 542 372 605 enda
382 540 614 607 hactenushaud
623 546 920 629 imperenaagerrime
929 550 1069 623 tulerant,
1082 554 1218 633 subrepo
1231 554 1368 616 belbcoso
1449 563 1450 568 ’

278 638 420 719 vafroque
442 640 525 719 regni
546 660 619 722 opes
646 663 790 719 crescere,
814 647 925 709 accolis
951 649 1122 729 pernicicm,
1146 662 1199 710 sut
1223 652 1368 711 servitium

279 734 431 799 allaturas.
476 740 523 800 14.
545 740 625 819 Ergo
645 760 705 819 quo
727 744 936 805 infensioribus
963 746 1070 807 animis
1090 756 1234 806 certatum
1256 758 1314 819 est,
1336 766 1368 806 eo

278 832 410 911 asperior
430 833 554 895 victoria
575 836 648 898 luit:
670 839 773 899 urbem
796 850 915 921 captam
937 840 1139 922 direptamque
1157 842 1223 903 solo
1246 844 1369 921 aequauit

279 928 454 1010 Philippus:
476 930 556 993 cives
576 934 712 995 veniere:
735 937 766 995 in
780 935 894 1016 reliqua
908 937 998 997 etism
1011 937 1243 1000 ditioniseorum
1264 938 1369 1017 oppida

279 1026 414 1092 saritam
423 1036 480 1090 est.
523 1028 1368 1114 lnterqureStegimm,undeAristotelesgaausducabat,

277 1123 495 1203 parcalamitas
509 1126 658 1188 obruerat.
701 1131 750 1189 16.
771 1130 914 1189 Eamtum
924 1130 1003 1208 regis
1014 1131 1156 1211 permissu
1165 1140 1257 1210 atque
1268 1133 1368 1209 opibus

277 1239 315 1281 ex
329 1218 444 1300 integro
457 1220 608 1293 condiditt
629 1226 832 1305 restitutoque
853 1226 936 1305 leges
956 1224 1036 1298 tulit,
1057 1227 1165 1306 quibus
1183 1227 1368 1307 postmodum

279 1332 335 1377 usa
347 1324 405 1379 est.
445 1316 493 1377 lta
504 1336 594 1398 quam
608 1330 737 1383 stantem
749 1323 964 1403 florentemque
977 1330 1023 1383 tot
1035 1322 1153 1383 fortium
1168 1322 1297 1385 virorum
1312 1342 1369 1381 ma·

278 1429 336 1477 aus
348 1412 388 1472 ab
397 1411 513 1473 excidio
526 1414 681 1494 probibere
695 1436 754 1479 noo
769 1427 948 1497 potueraotr
969 1436 1034 1482 eam
1049 1418 1202 1480 incensam
1219 1431 1310 1499 atque
1329 1419 1369 1479 di·

172 1526 174 1533 ⁴
277 1514 375 1567 rutam
387 1507 475 1569 unius
489 1508 562 1569 ciris
575 1510 715 1572 excitavit
728 1513 889 1592 ingenium.
927 1516 975 1575 16.
995 1513 1107 1583 Quanti
1120 1525 1220 1575 autem
1229 1516 1371 1575 Aristote·

277 1596 337 1665 lem
364 1602 467 1665 feeerit
493 1604 660 1687 Philippus,
684 1608 755 1670 binc
779 1610 869 1671 ctiam
890 1595 1165 1689 testimari'potest,
1188 1610 1270 1691 qaod
1295 1630 1370 1689 steps

276 1698 370 1761 filiam
382 1699 509 1773 monuit,
523 1712 558 1763 ut
571 1705 627 1763 sub
641 1714 702 1773 um
716 1705 826 1767 idoneo
839 1706 982 1786 magistro
996 1707 1149 1787 sapientire
1162 1726 1291 1787 goaram
1304 1724 1371 1785 ope·

277 1814 341 1857 ram
355 1796 456 1865 dareta
478 1816 516 1859 ne
529 1816 598 1857 mox
607 1798 701 1861 multa
713 1802 920 1876 committeret,
932 1802 1063 1882 qualium
1077 1821 1169 1863 causa
1182 1801 1246 1881 ipsc
1261 1800 1370 1882 pudore

278 1900 310 1951 st
322 1892 495 1969 penitentia
507 1904 673 1973 angeretur.
718 1896 766 1957 17.
787 1898 883 1977 Igitur
895 1909 1127 1980 pormaquoque
1140 1897 1274 1959 maximis
1287 1898 1372 1958 rebus

277 1986 410 2049 intentus
423 1988 604 2069 Alexander,
618 2011 679 2053 non
691 1993 791 2055 omisit
803 1995 977 2075 magistrum
986 1995 1137 2062 venerant
1151 1996 1314 2073 crebroque
1323 2012 1373 2072 per

277 2082 378 2151 literas
391 2087 582 2168 compellarit
593 2089 752 2163 bominem,
764 2109 822 2151 nec
835 2090 1055 2171 disciplinarum
1070 2089 1160 2149 mmo
1177 2108 1298 2162 arcana,
1321 2088 1372 2149 aed

277 2190 308 2239 et
330 2200 443 2243 morum
462 2186 593 2247 remedia
605 2187 696 2267 petiit.
741 2188 788 2246 18.
809 2186 910 2265 Atque
923 2184 973 2247 ille
986 2185 1146 2265 rescripsit,
1159 2184 1267 2263 quibus
1281 2185 1372 2265 ipaiur

277 2286 367 2355 atque
391 2280 577 2343 subditorum
602 2282 737 2343 felicitati
758 2282 928 2343 consultum
949 2282 1137 2360 opinabatur,
1161 2281 1374 2351 ‘meminisset

277 2382 391 2433 tantam
401 2375 458 2455 ipsi
468 2396 642 2441 concessam
652 2398 720 2441 ease
735 2378 909 2460 potentiam,
919 2388 953 2438 ut
962 2377 1117 2458 prodesset
1125 2376 1305 2457 bominibus,
1316 2396 1374 2436 nou

277 2476 312 2527 ut
324 2486 376 2529 cos
390 2468 530 2533 lederet:
546 2475 597 2535 irae
611 2475 751 2555 quoque,'
763 2477 795 2537 iu
807 2494 898 2555 quam
909 2476 1035 2535 maxime
1049 2473 1229 2553 precipitem
1244 2483 1376 2543 noveru,

278 2564 419 2625 ‘modum
442 2578 585 2646 poneretr
615 2590 711 2651 neque
740 2572 819 2633 enim
840 2570 1029 2633 irascendum
1051 2570 1254 2631 inferioribus:
1275 2588 1376 2649 parem

276 2674 376 2722 autem
389 2662 445 2741 ipsi
459 2683 526 2725 esse
544 2663 722 2729 neminem*
766 2671 814 2731 19.
834 2668 882 2737 ad
897 2678 1078 2748 postremum
1091 2676 1191 2727 tamen
1205 2667 1304 2727 animo
1314 2665 1377 2745 jam

276 2758 381 2823 elatior
395 2778 532 2839 apernere
545 2783 612 2825 eum
626 2764 734 2845 erepit:
753 2764 917 2845 prasertim
931 2783 999 2831 cum
1007 2763 1048 2822 ob
1061 2761 1254 2824 Callisthenis
1264 2763 1377 2823 exitum

277 2854 417 2915 infestum
432 2855 505 2929 sibi,¹
518 2870 549 2920 et
562 2870 669 2939 prater
681 2861 837 2941 sapientiae
848 2871 1010 2939 precepta,
1024 2858 1112 2919 etiam
1128 2857 1265 2917 vindictae
1273 2877 1378 2927 eausa,

277 2954 465 3020 ambitionem
479 2958 639 3018 humanum
653 2958 805 3037 fastigium
819 2956 1020 3036 despicientis,
1034 2954 1286 3033 disputationibus
1308 2974 1379 3015 esa·

278 3051 372 3127 gitare
390 3052 532 3113 eraderet.
566 3055 618 3115 20.
639 3052 729 3113 Certa
742 3050 833 3131 paulo
847 3063 916 3111 aute
926 3060 1060 3123 mortem,
1075 3049 1248 3109 Cassandro
1260 3050 1380 3129 objecta

240 3164 243 3167 ·
277 3144 353 3224 patri
367 3166 422 3206 suu
435 3147 560 3207 crimina
570 3160 727 3229 purgante,
742 3148 927 3209 exclamante
940 3146 1062 3217 fertur}¹
1085 3144 1303 3207 ‘Aristotelicas
1313 3164 1379 3206 rcr-

277 3242 363 3303 sutiee
378 3244 644 3305 machinationibus
658 3244 834 3309 instructum
845 3244 973 3316 venisse,
987 3252 1022 3303 ut
1033 3242 1133 3321 justas
1157 3241 1283 3303 aliorum
1304 3261 1379 3321 que·

276 3336 354 3401 selas
368 3339 523 3402 fallacibus
541 3340 665 3421 argutiis
688 3340 824 3402 eluderet
837 3341 857 3401 :'
890 3342 942 3401 al.
963 3339 1073 3400 deiude
1092 3338 1237 3417 ‘utrique
1260 3338 1382 3399 siresa

276 3452 344 3513 qum
365 3434 549 3497 deferrentur
571 3437 775 3517 comperisset,
797 3436 924 3497 malum'
943 3436 1086 3496 minatum
1105 3453 1191 3496 esse:
1212 3444 1274 3495 tam
1289 3435 1382 3495 rahe·

276 3531 369 3591 menti
382 3532 478 3605 vultu,
492 3545 526 3595 ut
546 3534 596 3596 diu
611 3545 680 3613 post
694 3534 759 3615 ejus
770 3534 932 3606 interitum,
944 3552 1012 3593 cum
1027 3533 1102 3591 forte
1118 3529 1303 3605 Cassander,
1316 3543 1381 3595 tum

277 3646 373 3691 rerum
387 3628 418 3687 in
434 3628 551 3691 Gracia
564 3641 681 3710 potens,
696 3630 855 3711 imaginem
870 3627 1033 3691 Alexandri
1050 3627 1174 3707 Delphis
1188 3627 1322 3706 positam
1335 3630 1381 3689 iu·

275 3732 418 3796 tueretur,
432 3738 587 3787 revocatus
608 3727 638 3787 in
656 3727 780 3809 periculi
793 3728 837 3789 sui
855 3725 1036 3797 memoriam,
1050 3734 1114 3784 toto
1133 3742 1257 3801 corpore
1271 3725 1383 3785 cobor-

277 3818 390 3881 ruerit.·
430 3824 480 3883 22.
506 3820 582 3890 Ques
604 3842 651 3883 rea
675 3823 827 3885 Aristoteli
849 3824 938 3883 etiam
960 3840 1077 3899 magnae
1100 3819 1229 3880 infamias
1256 3822 1384 3883 occasio

277 3914 354 3977 luit:
374 3917 484 3999 quippe
506 3938 663 3993 venenum,
687 3939 748 4001 quo
768 3918 938 3979 Alexander
958 3916 1081 3997 periisse
1094 3916 1225 3979 creditus
1239 3927 1301 3995 est,
1320 3938 1383 3981 nou

310 4070 534 4139 tullensem.
847 4090 971 4138 micro.

311 4162 317 4194 ¹
333 4164 400 4215 Plut.
418 4165 495 4215 illes.
507 4169 599 4229 pollo.
634 4165 674 4215 ld.
692 4166 724 4215 de
743 4166 807 4215 Pru·
879 4171 896 4197 ¹
908 4164 978 4213 Plut-
990 4160 1064 4212 lllrs.
1077 4178 1102 4227 p.
1113 4165 1170 4211 tuo.

277 4248 352 4289 scctu
369 4240 436 4291 virt.
456 4242 530 4291 seut.
544 4254 568 4291 c.
583 4244 622 4293 tu.
634 4248 662 4293 et
674 4242 705 4293 de
718 4242 807 4293 Lauda
879 4238 944 4290 ΙΙ111.
957 4241 975 4288 l.
984 4239 1001 4288 l.
