2925 4867
256 363 302 430 88
649 381 679 428 r.
704 381 958 431 snarnsnatrrr

257 520 373 582 interim
387 522 636 595 contentionibus,
651 541 726 601 quaa
740 523 817 584 inter
825 523 937 584 vicinas
951 521 1039 582 urbes
1054 539 1134 602 saepe
1150 519 1221 580 levis
1237 520 1354 582 occasio

257 617 407 678 conmtat:
429 617 498 678 odia
507 618 631 698 privata,
646 629 714 698 post
729 639 789 679 rem
801 622 875 681 bene
891 629 1016 698 gestam,
1030 617 1194 702 communis
1208 616 1311 676 laetitia
1325 616 1355 674 in

257 714 494 775 benevolentiam
505 725 615 782 vertetr
639 726 691 775 aut
704 733 772 776 eunt
793 735 880 796 porro
893 715 1022 776 insanire
1037 712 1163 784 tacebit,
1184 730 1252 770 cnm
1267 710 1356 770 dede·

257 829 327 870 core
348 811 423 870 forte
443 811 612 890 damnoque
631 823 832 889 utrorumque,
853 810 905 870 sed
930 821 1029 870 tamen
1051 806 1126 868 citra
1138 805 1262 865 exitium
1276 825 1359 866 msc»

257 917 384 966 mentor.
427 908 532 986 Neque
555 907 641 968 dolos
664 906 793 986 Philippi
818 907 989 967 timueritis:
1009 904 1098 964 modo
1118 903 1273 984 promissis
1292 902 1355 982 ejus

258 1023 345 1062 aurea
357 1002 524 1073 occludite;
540 1021 646 1064 manus
660 1004 810 1062 continete
825 1021 843 1062 a
857 1003 1038 1062 muneribus.
1081 1003 1130 1061 33.
1153 1000 1184 1058 Si
1198 998 1273 1058 nihil
1290 1009 1356 1058 ante

255 1098 424 1182 libertatem
436 1100 607 1169 habueritis,
621 1099 770 1160 calliditas
782 1110 813 1160 et
826 1100 998 1178 largitiones
1013 1099 1123 1158 frustra
1136 1105 1241 1155 erunt:
1256 1095 1358 1173 poten·

257 1195 330 1254 tiam
350 1204 384 1253 ut
407 1193 567 1254 discordiae
589 1195 763 1254 Graecorum
786 1195 965 1266 extulerunt,
988 1195 1029 1254 ita
1053 1209 1220 1254 consensus
1243 1191 1356 1250 obruet.

262 1292 311 1350 34.
327 1289 406 1357 Quin
420 1302 451 1351 et
464 1292 539 1370 ipae,
554 1301 643 1352 utest
657 1292 840 1364 temerarius,
852 1291 948 1370 excipi
963 1299 1079 1370 potest:
1094 1286 1175 1368 quod
1190 1285 1215 1346 si
1231 1285 1358 1356 accidat,

261 1384 336 1444 nihil
349 1405 368 1444 a
380 1386 486 1446 ceteris
500 1397 547 1446 est
559 1386 703 1466 periculi;
718 1406 786 1446 nam
799 1387 860 1466 ipae
876 1388 999 1466 gloriam
1013 1397 1103 1463 atque
1115 1383 1357 1452 dominationem.

260 1481 311 1558 qui
334 1481 449 1542 subeo
473 1491 553 1555 sunt,
576 1482 703 1562 quietem
722 1494 876 1562 expetunt.
919 1485 968 1543 35.
991 1480 1057 1542 Nisi
1070 1480 1145 1541 forte
1158 1477 1359 1538 Alexandrum

259 1577 418 1637 veremini:
438 1579 578 1657 quoniam
602 1579 650 1638 isti
672 1577 792 1657 quidem
818 1579 860 1638 ita
884 1595 936 1638 roa
959 1587 1163 1648 contemnunt,
1184 1585 1217 1634 ut
1237 1574 1358 1634 idoneos

259 1681 377 1750 putent,
398 1674 509 1752 quibua
518 1675 608 1734 etiam
621 1675 705 1753 pueri
720 1693 827 1734 nomen
847 1671 1034 1734 formidinem
1048 1671 1144 1752 possit
1157 1670 1309 1730 incutere!

303 1766 389 1827 Vlll.
415 1771 440 1828 l.
465 1767 609 1829 Crederes
634 1769 709 1828 alios
736 1781 857 1847 repente
882 1770 978 1830 factos
1000 1768 1181 1838 Thebanos,⁸
1198 1765 1250 1844 qui
1274 1763 1361 1824 modo

263 1862 363 1942 regios
377 1863 493 1942 legatos
511 1875 740 1943 arcentemque
758 1865 847 1924 etiam
864 1883 932 1924 cum
946 1883 1071 1924 assensu
1086 1861 1272 1932 audiverant,
1286 1861 1361 1920 adeo

262 1958 291 2016 in
314 1958 494 2020 contrarium
517 1962 621 2021 mutati
643 1973 723 2034 aunt,
738 1972 772 2020 ut
799 1961 969 2040 Philippum
992 1961 1108 2020 bostem
1130 1956 1311 2038 judicarent,
1332 1957 1360 2014 ni

261 2056 480 2135 quamprimum
502 2058 564 2117 atris
590 2058 797 2136 sociorumque
825 2059 933 2118 finibus
959 2051 1361 2116 decederet:.Mscedonicae

262 2151 401 2212 factionis
416 2152 551 2214 homines
573 2156 644 2214 urbe
658 2155 804 2233 pellerent
814 2149 834 2214 :⁵
855 2167 886 2214 et
900 2152 1123 2214 Atheniensium
1140 2153 1245 2230 copias
1268 2169 1304 2210 eo
1317 2167 1363 2208 re-

263 2247 406 2326 ciperent.
449 2253 478 2308 2.
500 2251 540 2310 At
554 2249 708 2330 Philippus
722 2253 874 2330 inopinata
896 2251 1104 2311 Thebanorum
1120 2246 1286 2308 defectione
1301 2255 1365 2304 tur·

262 2345 352 2404 batua
365 2346 461 2424 magia
475 2366 565 2425 quam
579 2347 708 2420 territus,
722 2347 858 2410 insistere
879 2347 1037 2406 destinatis
1053 2363 1113 2403 non
1128 2341 1235 2404 omisit.
1279 2340 1364 2400 Duo·

262 2439 446 2500 bualevibua
469 2442 578 2521 praeliis
600 2447 777 2518 commissis,
807 2464 874 2504 curn
899 2441 1097 2504 Athenienses
1119 2456 1278 2498 successus
1303 2455 1364 2496 non

262 2535 439 2613 poeniteret;
461 2537 582 2598 tandem
600 2542 716 2620 utrique
739 2541 778 2600 ad
793 2542 987 2600 Chaeroneam
1002 2537 1124 2598 Boeotire
1139 2523 1281 2614 oppidum
1296 2533 1366 2593 totis

262 2630 373 2692 viribus
386 2632 560 2694 consedere.
603 2638 632 2697 3.
655 2637 781 2696 Graecos
796 2636 905 2698 decora
924 2636 1078 2714 majorum,
1093 2642 1124 2692 et
1137 2648 1208 2690 cura
1221 2628 1366 2688 libertatis

264 2731 487 2792 accendebant:
503 2733 658 2814 Philippus
672 2737 800 2814 egregiis
814 2736 919 2815 copiis,
931 2746 1033 2812 totque
1047 2731 1190 2792 bellorum
1204 2727 1366 2788 victoribus

264 2824 395 2886 fidebat:
417 2829 447 2886 in
463 2847 496 2887 se
514 2849 633 2909 quoque
653 2849 713 2888 non
739 2848 842 2909 parurn
863 2831 1002 2890 momenti
1024 2828 1202 2896 collocabat,
1215 2824 1297 2904 quod
1312 2824 1367 2884 im·

265 2921 419 2998 peratoriis
434 2923 547 2984 artibus
561 2925 625 3002 ipse
639 2925 851 3003 precellerete
873 2925 1044 2985 Graecorum
1067 2919 1290 2982 celebratissimi
1312 2917 1368 2978 du·

266 3035 317 3075 cea
338 3017 402 3095 jam
428 3017 630 3080 decesserant.
672 3025 703 3080 4.
725 3020 900 3100 Tbeagenea
920 3019 1068 3080 Thebanis
1088 3026 1225 3096 praeerat,
1247 3013 1369 3074 modico

263 3111 380 3194 militiae
396 3133 464 3187 usu,
478 3135 575 3193 neque
590 3116 663 3177 satia
678 3117 780 3176 firmus
793 3115 935 3176 adversus
949 3115 1121 3196 pecuniam:
1143 3109 1369 3172 Atheniensium

266 3227 385 3288 qnoque
400 3211 609 3289 imperatorum
623 3212 759 3273 virtutem
785 3227 875 3292 atque
899 3213 1032 3291 peritiam
1047 3211 1110 3290 ipae
1130 3208 1228 3268 animo
1250 3225 1369 3286 usuque

266 3323 362 3364 rernm
383 3304 472 3384 longe
497 3307 638 3366 anteibat.
681 3310 711 3366 5.
734 3308 793 3367 Sed
815 3308 939 3368 duorum
960 3307 1123 3386 potentium
1147 3302 1323 3383 populorum
1339 3305 1369 3363 in

260 3420 359 3481 ¹unum
374 3420 526 3461 conversae
540 3403 629 3474 vires,
644 3423 768 3480 quorum
788 3402 990 3464 auctoritatem
1012 3399 1156 3460 Corinthii
1170 3416 1290 3476 quoque
1305 3399 1371 3458 alii-

267 3515 326 3572 que
342 3497 552 3575 sequebantur,
567 3499 729 3576 inJ‘ecerant
753 3501 875 3572 curam,d
893 3499 1013 3560 minima
1033 3498 1122 3556 unius
1139 3494 1196 3554 diei
1221 3505 1317 3572 parts,
1331 3495 1370 3554 de

267 3592 366 3668 capite
380 3592 564 3672 fortunisque
586 3592 723 3655 omnibns
735 3594 929 3655 dimicaturo.
971 3596 1000 3654 6.
1022 3594 1068 3652 Ne
1082 3592 1290 3651 Thebanorum
1304 3591 1371 3670 qui·

268 3686 336 3746 dem
361 3688 506 3768 principes
532 3709 550 3748 a
574 3691 656 3768 pacis
681 3689 813 3750 consiliis
837 3691 1050 3755 abhorrebantr
1074 3685 1128 3746 sed
1142 3684 1370 3746 Atheniensium

268 3786 357 3845 ardor
371 3785 466 3856 evicit,
481 3796 515 3846 ut
529 3805 632 3846 omnes
649 3787 776 3848 Graecioe
796 3806 864 3867 spes
885 3805 1015 3865 opesque
1035 3784 1120 3844 unius
1133 3780 1227 3860 praelii
1242 3781 1370 3842 fortunae

265 3881 512 3961 permitterentur.
552 3881 721 3943 Alexander
750 3884 839 3942 etiam
868 3882 1058 3942 immodicna‘
1085 3875 1175 3938 anim'i
1204 3879 1372 3938 testabatur

301 4056 313 4083 ⁸
330 4051 400 4101 Plnt.
413 4053 547 4104 Demoatb.
559 4069 585 4118 p.
595 4059 652 4104 854.
840 4060 924 4102 contr.
937 4051 1067 4101 Demosth.

301 4126 313 4160 l
329 4128 425 4178 Justiu.
437 4143 475 4179 rx.
487 4135 511 4180 t.
522 4137 547 4180 s.
870 4127 882 4162 ἃ
898 4125 972 4178 Platt.
985 4124 1121 4176 Demoatb.
1131 4137 1157 4186 p.
1170 4125 1228 4172 854.

301 4213 313 4237 ⁶
329 4203 409 4255 Diod.
420 4205 472 4256 Sic.
486 4219 548 4256 arr.
560 4221 586 4270 p.
598 4211 655 4254 ⁵55.
672 4205 797 4256 Dinarcb.
871 4212 882 4238 ⁰
901 4206 954 4255 llio
964 4217 1003 4269 pr.
1014 4203 1088 4260 Orat.
1099 4205 1123 4250 A.
