2925 4867
343 448 485 498 enarr..
509 448 549 497 ru
575 451 608 510 o.
632 448 807 499 cunrrurr
834 452 904 499 ura.
927 452 952 498 r.
1154 439 1199 501 75

102 588 221 647 alterius
235 588 357 666 ingenio
369 591 485 668 equine
499 590 619 669 unguine
635 589 785 663 inditore,-
803 602 834 650 et
855 592 1038 672 Babylonem
1059 592 1198 673 deporta·

103 694 173 753 tum,
198 703 298 745 rumor
313 687 480 765 suspicatur
494 699 550 747 eet.
592 690 641 747 23.
664 686 822 747 Adumnvit
840 701 870 747 et
884 690 1036 758 musicem,
1050 689 1136 768 eique
1150 711 1198 751 sc·

104 781 172 843 rien'r
197 782 282 841 initio
304 802 422 862 operam
442 782 543 845 dedit:
566 784 661 844 donec
676 782 892 843 contumeliose
905 784 1133 864 interrogatione
1145 806 1198 866 pn.

103 878 162 948 trie,
185 877 313 956 ‘ecquid
327 877 451 958 puderet
464 888 523 938 tsrn
539 879 612 939 scite
626 878 763 939 cenerei’
779 878 860 939 velut
872 892 963 940 artem
978 900 1041 940 sum
1052 882 1198 961 majestati

103 972 283 1043 indecoram,
297 974 495 1053 negligentius
510 984 636 1035 trectnre
650 972 751 1054 coepit.
785 978 836 1036 24.
856 977 1057 1055 Quonuidenr
1068 989 1199 1057 tempore

103 1069 246 1147 magistro
259 1056 399 1130 chordam
420 1070 569 1149 quandam
584 1090 621 1130 ex
644 1071 713 1131 srtis
737 1072 912 1151 prescripto
934 1073 1053 1153 pulnere
1072 1072 1199 1153 jubenti,

102 1165 193 1243 ‘quid
208 1175 306 1225 numm
321 1166 448 1240 relerat,’
461 1166 565 1245 inquit,
587 1167 631 1227 ‘ei
646 1167 723 1228 lrenc
740 1168 925 1247 pulsarerol'
946 1169 975 1228 in
996 1169 1083 1229 aliam
1104 1171 1200 1238 inteo-

103 1260 177 1321 dene
193 1260 344 1341 digitum.l
385 1263 425 1323 At
442 1262 504 1337 ille,
524 1262 616 1323 ‘nihil
640 1265 747 1323 referre
768 1264 858 1323 luturi
880 1266 968 1343 regis,
990 1264 1080 1326 loturi
1100 1277 1199 1327 autem

101 1356 255 1417 citharoedi
273 1358 401 1429 relerre,’
422 1358 585 1437 respondit.
626 1362 675 1419 25.
697 1358 873 1419 Delectatus
894 1359 1035 1439 deinceps
1061 1372 1200 1422 estmea-

100 1453 170 1513 culo
185 1462 287 1529 centu,
298 1474 367 1516 cnm
381 1454 485 1515 molles
499 1455 668 1534 fractaeque
681 1455 901 1517 modulationes
916 1468 947 1514 ut
962 1457 1122 1535 perniciem
1136 1477 1200 1517 mo·

103 1568 165 1608 rum
178 1560 371 1613 aversaretur.
403 1550 471 1620 Quo
486 1550 604 1611 nornine
618 1550 746 1611 maxime
762 1552 915 1630 amplexus
930 1567 976 1611 eat
989 1552 1200 1625 limotlreum,s

102 1646 173 1705 sctis
198 1645 263 1725 ejus
285 1646 469 1725 professione
483 1646 641 1707 celebrem.
684 1649 736 1707 26.
763 1646 818 1707 llle
830 1649 906 1708 enim
922 1651 1148 1709 accommodate
1160 1647 1200 1707 ad

100 1742 252 1820 ingenium
267 1742 347 1804 illius
361 1744 496 1815 aientia,
510 1743 610 1815 modo,
634 1760 722 1822 quern
742 1742 947 1823 ‘Phrygium'
966 1745 1140 1825 appellant:
1157 1744 1202 1803 ite

100 1837 264 1917 aliqneodo
288 1858 356 1899 eum
377 1839 484 1919 rapuit,
499 1844 540 1900 nt
561 1848 703 1919 tanquam
723 1837 824 1899 divino
837 1839 980 1901 inetiuctn
994 1840 1202 1901 exardesceret

100 1932 211 2005 animo,
225 1944 267 2005 et,
279 1934 362 1995 velut
373 1936 538 2017 propinquo
549 1935 612 2016 jam
623 1936 721 2007 hoste,
736 1934 775 1995 nd
787 1954 870 1996 arma
883 1935 1029 2016 capienda
1041 1935 1201 2016 prosiliret.

99 2032 150 2091 27.
174 2030 360 2111 Eloquentioe
374 2032 463 2093 etiam
486 2033 543 2093 sub
555 2033 737 2092 Ausximene
753 2032 958 2110 anpssceno
978 2030 1112 2092 studuitt
1131 2050 1200 2109 qno

101 2144 147 2186 res
164 2126 355 2207 postmodum
371 2129 605 2191 incolumitatem
622 2129 687 2188 urbi
707 2127 817 2202 attulit,
830 2146 900 2189 cum
918 2128 1073 2187 Persarum
1088 2127 1196 2205 opibus

101 2223 271 2284 studentem
285 2218 454 2285 Alexander
469 2226 584 2287 diruere
595 2225 810 2287 constituisset.
845 2226 894 2283 28.
910 2223 1109 2303 Conapioetue
1122 2223 1202 2284 enim

101 2320 339 2381 Anaximenen·
358 2333 443 2381 extra
455 2322 564 2383 moenia
584 2321 791 2403 prodeuntem,
811 2338 869 2380 nee
886 2320 1039 2390 dubitans,
1052 2319 1125 2399 quin
1145 2338 1202 2398 pro

100 2415 196 2493 patria
215 2414 408 2496 deprecatum
424 2419 565 2492 venisset,
585 2418 784 2477 ‘Graecorum
806 2409 889 2478 Deos
906 2426 1034 2478 testatus
1060 2424 1118 2488 est,
1139 2433 1202 2477 non

99 2510 248 2571 lecturum
263 2531 296 2571 se
310 2513 391 2592 quod
404 2514 549 2593 petisset!
591 2514 659 2583 Quo
672 2512 776 2574 audito
789 2513 916 2575 callidus
937 2512 988 2575 ille
1001 2512 1136 2591 rogasit,
1147 2517 1157 2545 ‘
1168 2520 1203 2571 ut

100 2606 297 2688 lampsacum
310 2609 460 2671 dirueret·
499 2610 554 2671 llle
574 2621 606 2673 et
621 2608 814 2691 jurisjurandi
835 2609 978 2688 religione
1002 2608 1151 2678 astrictos,
1171 2616 1203 2665 et

98 2705 197 2783 magis
221 2705 311 2767 etiem
331 2704 524 2787 praeceptoris
547 2707 618 2767 olim
639 2706 685 2765 sui
709 2704 874 2784 sagacitate
897 2702 1051 2774 delinitae,
1075 2702 1202 2782 gratiam

100 2800 279 2861 delictorum
292 2801 502 2882 Lampsacenia
516 2803 595 2865 lecit.
636 2804 686 2863 29.
708 2799 869 2861 Comoedos
881 2810 917 2860 nt
928 2799 1065 2861 instituto
1078 2816 1134 2859 suo
1146 2818 1202 2879 pa·

100 2914 164 2957 rum
178 2899 374 2979 congruentia
391 2908 562 2972 tractantes,
576 2896 858 2977 corrumpendieque
871 2896 1002 2956 moribus
1014 2903 1114 2968 natos,
1126 2912 1203 2954 con·

101 2994 222 3055 temnite
263 2994 403 3076 Neglexit
416 3004 446 3057 et
460 2996 587 3076 pugiles,
610 3012 782 3074 quanquam
803 2991 924 3053 msximi
945 3001 1010 3051 turn
1033 2991 1065 3049 in
1083 2990 1204 3051 Graecia

98 3091 226 3153 fierent:
247 3090 323 3153 torn
346 3092 427 3172 quod
451 3091 562 3154 otiosos
585 3102 617 3153 et
640 3090 756 3171 uaginae
781 3090 929 3161 addictos,
950 3085 1051 3148 solida
1071 3086 1203 3146 membra

100 3187 339 3267 spectaculorum
353 3188 452 3269 potius
465 3188 610 3260 ludibriis,
635 3208 725 3269 qnam
748 3187 857 3269 patrim'
870 3181 1099 3244 necessitatibus
1119 3199 1201 3241 com-

99 3283 234 3356 modare,
248 3302 309 3343 non
321 3284 477 3364 probabat.
519 3288 569 3347 30.
593 3283 737 3363 Reliquae
752 3293 855 3356 arten·
868 3278 958 3341 etiem
971 3295 1048 3358 ques
1061 3276 1126 3357 ipse
1140 3294 1202 3336 nou

99 3380 253 3460 ettigerat,
276 3381 411 3461 impense
431 3380 513 3442 sorit.
555 3380 642 3441 Unde
655 3400 692 3441 es
706 3392 770 3441 toto
785 3380 847 3440 lere
867 3376 938 3436 orbe
959 3373 1072 3453 passim
1095 3371 1135 3431 ad
1156 3372 1202 3451 ip·

100 3496 168 3537 sum
184 3476 395 3551 confluebant,
416 3478 594 3557 quicumque
616 3476 725 3556 ineigni
736 3475 837 3555 aliqua
847 3470 952 3553 peritia
960 3467 1131 3549 praecellere
1145 3468 1203 3528 eibi

100 3573 297 3635 videbantur:
314 3574 405 3655 ,eique
418 3573 466 3635 vel
476 3571 587 3654 ingenii
601 3572 646 3633 sui
657 3581 850 3633 monomenta
861 3566 1043 3628 dedebent
1058 3584 1068 3634 ι
1092 3564 1139 3624 sel
1150 3585 1202 3625 ex-

101 3670 198 3733 hibito
221 3670 292 3731 ertia
314 3690 377 3731 snae
401 3669 570 3751 specimine,
591 3687 610 3729 e
628 3665 903 3729 munificentissimo
926 3679 1042 3738 regum,
1064 3670 1096 3719 et
1114 3662 1202 3740 cujus

133 3843 147 3868 ⁰
158 3834 234 3885 Curt.
246 3838 324 3886 101⁰.
335 3839 377 3887 lo.
400 3834 505 3887 Arrisn.
522 3848 576 3885 su.
594 3838 635 3884 27.
706 3839 716 3864 ⁸
733 3830 894 3879 Prummu.
910 3822 971 3871 Vel.
983 3814 1092 3870 Mssim.
1110 3822 1162 3860 vsr.
1178 3812 1203 3859 8.

101 3910 463 3965 Ptm.tttst.ttsr.xxx.1n
480 3908 634 3961 PlutAles.
671 3908 696 3956 4.
729 3903 821 3953 suidas
832 3900 999 3959 medentur.

102 4000 129 4050 t>-
139 3989 201 4035 Μ·
706 3982 716 4015 ²
729 3981 802 4031 Ptnr.
818 3979 896 4029 Alex.
916 3989 942 4039 p.
953 3976 1012 4023 666.
1030 3966 1071 4019 lu.
1083 3964 1118 4013 de
1128 3962 1201 4013 Fert.

134 4058 412 4112 wilmintune&
671 4045 1110 4110 Area.0nr.n.nruenam1.rt.

134 4145 148 4180 ‘¹
165 4136 259 4189 Soidss
269 4153 326 4189 soc·
334 4135 414 4198 wurdt.
704 4144 716 4171 ¹
729 4134 802 4183 Plut.
812 4130 870 4179 sds.
882 4128 1010 4179 cntoten.
1021 4136 1046 4170 e.
1055 4122 1097 4170 ⁶⁰.
1119 4112 1202 4167 Ill-de

135 4222 145 4247 ¹
163 4214 214 4264 Dio
229 4214 274 4264 Pr.
283 4214 360 4265 0rst.
372 4216 395 4263 1.
420 4212 490 4263 Plut.
512 4212 588 4265 Ales·
607 4230 633 4280 p.
672 4213 745 4263 Fort.
756 4206 832 4258 Alex.
839 4218 859 4256 1.
873 4208 913 4253 ll.
921 4208 949 4253 et
958 4213 989 4251 tt.
1001 4202 1063 4249 het
1074 4198 1100 4243 l.

102 4296 163 4343 ow.
197 4291 238 4343 ld.
249 4290 283 4341 de
295 4291 367 4341 Post·
378 4281 498 4339 Alesfrr.
511 4292 535 4337 t.
1167 4280 1171 4287 '
