2925 4867
230 349 295 418 180
627 366 656 414 r.
681 361 936 412 enumerantur

230 507 321 568 duum
345 513 420 577 erat,
444 503 562 586 legatus
585 523 686 566 eorum
701 503 741 564 ad
755 503 957 564 adulationem
972 503 1192 583 confugitque
1207 509 1332 566 maxime

230 602 458 682 expugnabilem
481 613 578 676 norat,
599 602 736 681 dixitque
760 600 927 662 ‘dedecere
949 602 1066 662 culmen
1089 600 1193 681 ipsius,
1217 601 1243 660 si
1266 602 1333 661 Diis

230 697 343 778 aliquid
365 711 564 772 consecraret,
583 719 651 761 cum
672 699 736 780 ipse
752 699 835 759 Deus
849 709 951 759 esset:
971 717 1041 756 uam
1060 717 1126 757 eum
1140 695 1281 758 honorem
1297 700 1334 756 ab

229 795 398 857 hominibus
412 797 513 858 haberi
526 796 634 876 potiori
648 794 784 855 naturae!
825 796 874 854 ³5.
897 793 941 852 Ea
955 793 1058 872 gloria
1080 793 1235 854 contentio
1256 795 1334 854 inter

229 893 391 954 maximum
415 912 515 972 regem
538 907 569 952 et
590 913 679 952 unam
701 893 849 953 ciuitatem
874 892 953 952 luit:
976 891 1169 950 obtinuerunt
1191 889 1331 970 Ephesii:

230 1001 261 1050 et
273 987 441 1049 meluerunt
452 988 567 1067 ingenti
580 987 707 1068 pecunia
720 1007 832 1058 carere,
845 1006 935 1068 quam
949 986 1104 1047 instaurati
1126 987 1229 1066 templi
1244 985 1332 1048 titulo

229 1085 292 1164 regi
305 1083 421 1146 cedere.
463 1084 512 1143 ³6.
534 1083 612 1143 Nam
626 1094 755 1161 quantos
769 1083 799 1142 in
812 1081 842 1142 id
856 1101 932 1161 opus
946 1093 1061 1143 sumtus
1075 1081 1268 1156 contulerint,
1282 1083 1329 1143 rel

230 1201 335 1242 exuna
350 1177 452 1241 tabula
461 1179 608 1241 aestimare
620 1179 699 1252 licet,
714 1197 804 1258 quam
819 1179 858 1240 ibi
873 1178 1096 1255 dedicaverunt,
1117 1179 1222 1259 viginti
1237 1180 1332 1240 talen-

229 1280 267 1338 tis
282 1277 344 1337 auri
357 1275 529 1337 redemtam.
570 1274 741 1337 Alexander
755 1286 829 1348 erat,
841 1275 952 1339 t‘ulmen
968 1287 1084 1351 tenens,
1098 1297 1185 1358 quem
1202 1275 1332 1337 inimita-

229 1373 282 1434 bili
306 1371 481 1433 dexteritate
504 1371 625 1451 Apelles
645 1369 874 1450 expresserat:l
893 1381 1020 1451 quatuor
1042 1383 1159 1434 tantum
1183 1374 1331 1433 coloribus

230 1488 314 1541 usus,
327 1489 388 1547 quo
401 1467 497 1548 majus
510 1468 611 1547 peritis
625 1467 798 1528 miraculum
810 1479 902 1529 esset.

271 1565 340 1624 Vll.
385 1568 413 1625 l.
435 1566 498 1624 Sub
510 1563 588 1629 idem
604 1574 721 1646 tempus
741 1565 854 1645 antiqui
879 1565 1044 1645 splendoris
1065 1565 1167 1628 aedem
1188 1566 1332 1648 Smyrnaei

230 1672 414 1741 receperunt,
427 1671 586 1743 postquem
601 1661 751 1741 Lydorum
766 1661 855 1723 armis
869 1663 971 1724 excisa
984 1675 1082 1724 vetere
1095 1663 1247 1744 Smyrna,¹
1259 1683 1335 1744 qaa-

230 1758 405 1838 dringentos
417 1777 470 1836 per
484 1776 581 1818 annos
593 1756 713 1817 uicatim
726 1757 954 1819 habitavissent.
995 1758 1137 1820 Restituit
1149 1777 1217 1820 eam
1232 1779 1284 1820 rex
1294 1761 1334 1820 ri·

230 1855 305 1935 giuti
318 1855 409 1916 ferme
424 1853 527 1914 stadiis
538 1853 630 1913 aeolo
643 1852 775 1933 antiquae
788 1854 879 1924 urbis,
893 1853 1009 1914 somnio
1023 1855 1177 1916 monitum*
1204 1856 1234 1914 2.
1251 1855 1337 1918 Sole·

228 1951 282 2012 bat
295 1949 472 2026 Alexander,
493 1967 560 2009 cum
582 1967 601 2008 a
623 1948 784 2028 majoribus
799 1950 926 2027 negotiis
941 1961 1069 2022 vacant,
1084 1950 1176 2010 otium
1191 1951 1334 2012 uenando

230 2046 377 2107 eximere:
398 2045 473 2107 forte
491 2044 623 2104 exercito
636 2064 759 2127 corpore
778 2046 876 2106 lessus
890 2046 919 2106 in
934 2046 1018 2126 Pago
1033 2057 1132 2106 moute
1147 2046 1337 2107 obdormire-

230 2152 296 2203 ra't:
310 2143 351 2202 ibi
364 2142 553 2222 perquietem
568 2141 652 2202 uisus
664 2153 711 2202 est
724 2142 828 2202 audire
844 2143 871 2201 N
874 2163 987 2204 emeses
1001 2147 1137 2223 (quarum
1152 2143 1182 2202 in
1197 2143 1332 2223 proximo

230 2239 331 2299 lacurn
351 2243 428 2312 erat)
447 2238 636 2316 imperantes,
656 2245 763 2300 ‘uteo
776 2239 844 2320 ipso
864 2238 931 2300 loco
951 2237 1053 2300 urbem
1072 2239 1224 2310 conderet,
1244 2239 1334 2318 inque

229 2353 294 2396 eam
310 2334 479 2414 Smymmos
493 2332 676 2394 deduceret.²
706 2337 737 2394 ³.
752 2333 787 2394 ld
803 2335 980 2396 insomnium
995 2353 1064 2396 mox
1078 2334 1169 2396 Clarii
1184 2335 1332 2414 Apollinis

229 2431 381 2492 oraculum
394 2429 588 2502 confirmarit,
599 2430 761 2508 Smyrnaeis
771 2430 995 2492 consulentibus
1012 2440 1172 2512 ‘prospere
1181 2451 1334 2492 cessuram

230 2525 452 2608 migrationem'
482 2524 669 2606 promittens.
709 2525 757 2586 lta
781 2526 975 2587 fundamenta
998 2545 1085 2588 norm
1110 2527 1190 2588 urbis
1212 2527 1338 2607 imperio

230 2625 308 2704 regis
330 2623 414 2704 jacta
435 2632 522 2691 suut;
542 2622 690 2682 absolutae
709 2621 833 2703 gloriam
859 2621 1027 2703 Antigonus
1052 2623 1128 2695 tulit,
1152 2642 1220 2684 cum
1235 2624 1334 2704 ipsum

229 2721 404 2800 paulopost
425 2718 595 2779 Alexander
619 2717 722 2798 Lydiae
741 2717 951 2799 Phrygiaeque,
971 2728 1003 2780 et
1022 2719 1128 2779 ricinis
1151 2719 1334 2798 regionibus,

229 2817 452 2897 praeposuisset.
492 2819 523 2876 t.
556 2815 591 2873 lu
616 2815 770 2896 Smyrnaeo
799 2816 866 2876 sinu
895 2815 1074 2876 Clazomenii
1101 2815 1248 2890 habitant,
1274 2837 1335 2898 qua

229 2913 471 2991 angustissimum
485 2921 532 2970 est
544 2911 663 2980 solumr
683 2910 776 2990 quod,
790 2923 997 2990 procurrentes
1023 2913 1053 2971 in
1068 2931 1148 2972 mare
1167 2922 1262 2974 terras
1281 2933 1335 2994 per

230 3008 385 3087 sexaginta
408 3007 498 3066 ferme
521 3006 621 3066 stadia
641 3008 803 3068 continenti
826 3019 1002 3082 annectens,
1019 3007 1187 3090 peninsula
1201 3010 1334 3088 speciem

229 3105 342 3173 efficit:
380 3109 410 3166 5.
430 3105 564 3164 Alterum
580 3101 681 3162 isthmi
695 3103 776 3164 latus
791 3123 828 3163 ex
841 3103 970 3165 adverso
983 3103 1240 3164 Clazomeniorum
1254 3105 1334 3166 Teos

229 3211 374 3281 occupat:
395 3201 425 3260 in
439 3211 570 3261 extremo
584 3199 751 3280 peninsula)
765 3219 859 3261 cornu
873 3201 1009 3281 Erythrae
1025 3210 1114 3268 suntr
1135 3211 1197 3260 tum
1211 3219 1336 3280 quoque

228 3297 360 3358 fatidicis
371 3296 543 3358 mulieribus
555 3294 716 3376 inclytae:d
731 3295 819 3374 juxta
832 3313 908 3375 quas
924 3315 1009 3356 mons
1024 3295 1198 3368 altissimus,
1211 3296 1336 3372 Mimas,

228 3395 335 3457 insulae
360 3395 502 3454 chiorum
523 3393 678 3474 oppositus
693 3411 774 3452 mere
787 3402 976 3472 prospectat:
998 3390 1109 3453 deinde
1121 3392 1265 3472 paulatim
1280 3391 1338 3453 de-

227 3492 358 3571 pressior
367 3490 448 3553 baud
462 3489 565 3568 procul
575 3490 721 3569 angustiis
735 3489 990 3552 Cleoorueniorum
1004 3489 1034 3549 in
1054 3488 1188 3568 aequales
1207 3507 1340 3568 campos

230 3586 348 3647 desinit.
389 3587 417 3645 6.
441 3587 515 3646 Bam
534 3585 593 3645 loci
617 3597 752 3644 naturam
767 3585 986 3665 contemplatus
1001 3583 1181 3657 Alexander,
1197 3583 1343 3646 lancibus

229 3681 376 3744 intercisis
390 3681 505 3742 auferre
515 3675 680 3742 ⁴continenti
692 3680 834 3753 decrerit
853 3691 887 3740 ut
902 3679 1037 3761 Erythris
1050 3689 1082 3741 st
1099 3679 1236 3740 Mimanti
1251 3699 1344 3742 mare

229 3778 501 3852 circumfunderet:
513 3797 549 3837 ac
563 3777 743 3858 superiorem
757 3776 984 3857 inferioremque
1007 3777 1103 3838 sinum
1124 3777 1341 3856 conjungeret.

262 4000 275 4034 δ
291 4001 359 4052 Pila
368 4001 387 4051 1.
399 4002 416 4051 l.
426 4005 468 4051 tt.
832 4007 843 4034 ⁶
860 3996 929 4049 Plio.
942 3999 960 4048 Ι.
970 3998 988 4048 1.
999 4001 1074 4050 matt.
1086 4001 1129 4050 ²1.

262 4085 275 4111 ⁸
289 4076 376 4126 strab.
387 4088 446 4127 xrr.
459 4091 486 4140 p.
497 4079 555 4126 648.
830 4074 843 4109 ¹
859 4074 972 4124 Persen.
987 4089 1038 4126 urr.

262 4152 275 4186 δ
292 4152 402 4205 Parma.
413 4165 464 4202 vrr.
489 4149 759 4203 Aristidoretrcont‘.
831 4155 842 4183 ·
859 4147 957 4199 Plini.
970 4149 986 4200 l.

232 4237 260 4280 et
270 4228 357 4280 duab.
367 4229 385 4278 1.
397 4228 416 4280 l.
