2925 4867
258 384 308 479 70*
655 426 684 477 r.
709 422 961 475 retruserunt

259 572 288 632 ri
311 580 421 643 tamen,
443 588 532 649 quarn
558 568 658 649 specie
683 568 830 636 validior:
855 568 964 648 qnippe
990 568 1123 647 corporis
1149 568 1214 647 ejus
1237 566 1355 627 habitas

259 668 337 727 intra
350 668 554 747 proceritatem
568 666 677 727 stetit.⁸
720 668 767 726 10.
789 666 896 726 Cutem
907 665 1009 726 babuit
1021 663 1191 737 candidam,
1204 664 1264 724 uisi
1277 662 1355 743 quod

260 765 291 824 in
304 764 401 836 malis,
415 764 543 842 itemque
561 770 692 841 pectore,
716 770 802 840 grato
823 763 928 821 rubore
949 758 1196 821 suffundebatur:
1216 758 1355 839 capillum

179 906 182 915 ,
260 860 380 930 flavum,
394 858 500 920 leniter
520 858 678 917 intortum:
700 875 808 918 nasum
829 856 1012 936 aquilinumt
1032 856 1137 917 oculos
1160 856 1270 929 varios,
1289 873 1355 915 uam

261 956 354 1017 leatus
375 956 499 1035 glaucus
522 954 615 1015 luisse
639 953 774 1026 traditur,
801 954 896 1015 altero
915 949 1099 1033 nigerrimo.h
1138 954 1237 1013 luerat
1260 962 1356 1013 autern

259 1052 333 1133 ipsis
355 1052 474 1113 occulta
500 1050 638 1132 quadarn
666 1048 722 1121 vis,
752 1059 786 1110 ut
812 1049 877 1111 aine
903 1050 1093 1111 rependune
1121 1059 1211 1128 atque
1237 1047 1356 1108 horrore

260 1148 389 1225 quodam
418 1147 595 1209 intuentium
623 1165 683 1205 uon
711 1147 901 1229 aspiceretur.
958 1148 1007 1208 11.
1041 1144 1221 1207 Pernicitate
1248 1144 1360 1225 pedum

261 1242 425 1303 admirabili
439 1242 512 1309 luite
528 1261 618 1320 quam
632 1252 665 1303 ut
678 1261 797 1321 magnas
810 1244 841 1302 iu
855 1240 1091 1323 expeditionibus
1105 1240 1251 1313 utilitatis.
1269 1240 1356 1300 adara

261 1358 312 1401 rex
332 1357 392 1398 nou
412 1337 512 1399 omisit
524 1356 671 1409 exercere,
685 1357 826 1417 soepeque
840 1357 908 1399 cnm
921 1336 1118 1399 nimionimio
1131 1354 1252 1399 suorum
1269 1354 1357 1397 cunc

261 1444 375 1495 certare
388 1433 469 1494 risus
483 1442 549 1495 est:
569 1432 712 1513 patientia
725 1433 835 1495 laboris
850 1452 941 1514 supra
953 1432 1043 1495 idern
1056 1432 1183 1501 eximiae
1204 1451 1266 1511 qua
1278 1450 1357 1510 steps

262 1548 332 1600 uua,
358 1528 538 1591 difficllllrnis
564 1530 755 1609 temporibus.
784 1528 839 1590 sibi
867 1530 1104 1609 exercitibusque
1136 1528 1199 1589 ruis
1232 1527 1356 1589 salutent

260 1626 390 1706 peperit*
442 1626 490 1687 ta.
521 1626 788 1689 Exercitationibus
816 1624 937 1697 crebris,
962 1636 993 1687 et
1016 1623 1199 1699 calidissima
1228 1622 1357 1703 corporis

261 1720 412 1800 temperie,
426 1720 502 1781 adeo
516 1719 657 1799 quicquid
671 1720 769 1781 vitiosi
783 1721 916 1781 humoris
930 1722 986 1782 sub
999 1731 1068 1783 cute
1081 1719 1184 1801 colligi
1197 1720 1284 1793 solet,
1307 1736 1357 1779 ex·

262 1817 425 1897 pugnavit:
445 1827 479 1878 ut
493 1836 614 1879 suarem
627 1836 664 1877 ea
678 1836 728 1879 ore
744 1811 942 1897 membrisque
955 1816 1109 1879 exhalaret
1120 1815 1251 1888 odorem,
1263 1833 1357 1895 eoque

262 1910 352 1973 etiam
366 1912 494 1985 tunicas,
513 1913 621 1992 quibua
636 1922 778 1986 uteretur,
802 1912 956 1994 impleretr
977 1912 1016 1973 ob
1039 1910 1162 1973 easdem
1183 1928 1304 1985 meas,
1324 1920 1358 1970 at

262 2006 382 2085 quidam
403 2018 523 2089 putant,
543 2008 582 2069 ad
595 2009 694 2069 vinum
707 2010 840 2089 iramque
853 2004 1036 2089 proclivior.¹¹
1078 2010 1127 2070 1³.
1149 2006 1293 2069 Visuntur
1305 2006 1357 2067 ad·

261 2102 321 2165 huc
334 2104 478 2184 imagines
492 2105 557 2185 ejus
571 2117 749 2186 statumque,
762 2124 942 2167 summorum
956 2105 1101 2165 artificum
1111 2122 1219 2185 opera:
1234 2104 1358 2170 neurim

261 2198 426 2279 vulgarium
441 2201 622 2282 sculptorum
637 2204 821 2284 pictornmre
835 2204 999 2264 temeritate
1012 2202 1072 2263 oris
1087 2202 1133 2262 sui
1153 2201 1250 2262 honor
1270 2202 1358 2261 obso-

261 2296 397 2367 lesceret,
411 2297 545 2359 studiose
564 2298 661 2365 cavit:
683 2298 838 2379 ‘paruam'
857 2298 1065 2371 comminatus,
1086 2298 1134 2356 ‘si
1153 2296 1222 2377 quis
1243 2295 1359 2376 injussu

263 2410 318 2451 suo
331 2392 506 2453 conaretur!
546 2394 626 2473 Ergo
648 2394 820 2455 abundante
843 2403 906 2454 tum
929 2394 1073 2455 artilieum
1094 2394 1191 2474 copia,
1210 2392 1360 2452 volentem

263 2506 340 2547 unus
355 2488 474 2567 Apelles
488 2488 593 2568 pinxit,
616 2489 743 2569 sculpsit
760 2490 947 2572 Pyrgoteles,
968 2489 1114 2571 Lysippus
1138 2498 1171 2549 et
1188 2488 1360 2570 Polycletus

263 2605 322 2645 oere
335 2582 501 2647 duxerunt.¹
545 2589 592 2647 14.
614 2586 807 2649 ‘citatiorem
821 2606 957 2668 gnarum
972 2586 1113 2649 leonidae
1130 2587 1234 2648 ritiurn
1247 2585 1361 2657 uisse:

262 2682 377 2748 ierunt:
408 2687 465 2741 ‘ex
491 2682 584 2763 ipsius
612 2682 828 2744 consuetudine
855 2683 888 2744 id
914 2683 1040 2745 hassiae
1065 2680 1252 2743 Menandro:
1276 2681 1362 2761 quod

262 2786 377 2854 postea,
390 2795 458 2836 cum
473 2778 557 2839 enine
570 2778 669 2851 vellet,
689 2780 838 2860 corrigere
857 2800 919 2841 nou
931 2779 1080 2861 potuerit!
1121 2778 1269 2858 Equidem
1284 2778 1360 2839 edu·

263 2870 374 2933 cationi
387 2871 543 2951 plurimum
554 2874 641 2934 tribui
657 2875 765 2936 debere
779 2895 842 2937 nou
860 2876 999 2945 latitem:
1019 2886 1151 2936 ceteruia
1167 2874 1225 2933 hoc
1238 2874 1361 2952 quidem

263 2978 378 3028 uaturre
402 2968 501 3047 potius
522 2969 734 3044 adolescentis,
748 2992 838 3052 qnam
852 2971 1178 3052 assuetudinideputor
1199 2970 1310 3030 etenim
1330 2970 1360 3030 in

261 3062 380 3124 bomine
404 3064 599 3127 uelocissime)
623 3070 743 3141 mentis,
767 3088 924 3131 occeanum
945 3078 1021 3141 erat,
1045 3078 1081 3128 ut
1104 3067 1239 3129 ardorem
1260 3066 1361 3139 animi,

261 3160 392 3237 corporis
406 3159 495 3221 etiam
515 3172 611 3223 motus
633 3176 816 3243 aequaretur.
862 3168 910 3225 16.
930 3163 1027 3233 Quem
1050 3164 1129 3225 adeo
1150 3182 1210 3223 uon
1235 3162 1267 3222 ia
1289 3162 1361 3225 sitio

261 3272 385 3333 posuere
400 3275 588 3319 succentores
602 3259 707 3341 ipsius,
721 3272 755 3321 ut
768 3262 856 3321 etiam
871 3261 1006 3322 studione
1026 3261 1251 3327 aemularentur:
1273 3260 1362 3321 simul

262 3348 445 3430 depressiore
458 3354 489 3414 in
503 3353 610 3416 lterum
625 3356 735 3430 collo,¹
748 3359 883 3419 obtutum
898 3358 963 3438 ejus
977 3357 1152 3426 vibrantem,
1166 3370 1197 3417 et
1210 3356 1363 3417 elatiorem

261 3464 363 3506 rocem
377 3448 502 3519 inuitatir
518 3470 586 3511 cum
598 3454 728 3515 animum
742 3474 803 3515 non
816 3456 1033 3535 exprimerent:
1048 3453 1158 3532 quippe
1167 3452 1362 3534 plurimorum

261 3557 299 3601 ex
312 3540 368 3602 illis
381 3542 472 3625 longa
486 3546 546 3607 rita
559 3548 612 3609 vis
625 3550 783 3631 quiequam
797 3551 903 3612 babuit
916 3551 1051 3631 dignum,
1072 3548 1153 3629 quod
1175 3568 1243 3609 cunr
1269 3549 1362 3630 liujus

144 3659 146 3665 ¹
261 3636 386 3717 pueritia
396 3652 622 3720 compararetur.
668 3648 715 3709 16.
737 3647 842 3727 Neque
855 3648 934 3708 euim
945 3648 1103 3728 quicquam
1113 3655 1165 3705 aut
1173 3644 1363 3725 loquebatur,

261 3744 314 3794 aut
326 3735 435 3815 egebat
447 3738 579 3809 humile:
593 3740 646 3802 sed
657 3740 746 3803 dictis
760 3743 908 3824 lactisque
918 3762 972 3824 par
985 3742 1112 3803 l'ortuura
1128 3761 1201 3815 sue,
1216 3742 1364 3803 ueletiam

293 3904 790 3968 mmmmmnmmma
862 3914 1014 3968 mmm

260 3982 293 4029 ²⁹
865 3990 872 4025 ¹
892 3991 950 4041 cre.
971 3992 1021 4053 Ep.
1043 3990 1076 4040 ad
1093 3990 1164 4039 Fam·
1178 4001 1204 4039 t.
1227 3992 1267 4038 ta.
1290 3987 1363 4038 Pliu.

292 4054 388 4107 tetur.
399 4058 441 4108 l.l.
832 4067 901 4120 Hist.
911 4069 973 4119 Nat.
981 4081 1031 4120 stt.
1043 4072 1085 4118 87.
1097 4078 1187 4118 mv.
1199 4070 1237 4116 tt.
1250 4078 1364 4117 xxxvii.

292 4130 300 4165 t
316 4134 390 4183 Curt.
403 4150 429 4185 r.
439 4141 463 4186 b.
476 4142 514 4189 lt.
532 4152 570 4189 vr.
580 4144 605 4189 d.
617 4144 659 4189 27.
677 4140 747 4193 l‘lnt.
757 4147 789 4195 de
831 4148 855 4191 1.

260 4206 339 4334 pulul-
350 4210 473 4335 qqdrnic.
492 4217 578 4267 Discr.
589 4220 629 4265 29.
647 4218 679 4266 de
691 4220 788 4285 Tranq.
861 4227 878 4253 ·
891 4220 961 4269 1Ἶιιι.
975 4218 993 4267 l.
1005 4218 1022 4267 l.
1039 4208 1079 4267 ld.
1090 4216 1124 4265 de
1133 4217 1204 4267 l'ort.
1216 4214 1257 4265 ΑΙ.
1265 4228 1298 4269 ιι.
1308 4222 1336 4267 n.

286 4299 344 4334 urm.
388 4320 394 4335 .
