2925 4867
242 390 287 459 72
636 412 668 461 s.
692 406 946 462 rssusarsssssr

242 562 356 631 quanta
381 552 465 631 equis
489 554 649 633 pernicitas
670 556 774 619 esset?
801 564 875 639 quot
897 555 1010 617 &rum
1033 554 1136 615 itinere
1161 552 1338 619 Macedonia

244 648 367 710 distaret
388 648 494 710 Susisl
515 670 582 731 quse
595 653 660 732 regi
673 670 788 713 morum
801 652 861 735 sia,
874 668 1003 733 quisque
1016 649 1184 711 exercitatio
1196 650 1337 729 corporis,

242 754 332 823 atque
356 746 455 825 opinio
471 746 587 809 virtutis
608 748 717 809 loretl’
758 752 810 811 25.
831 747 954 821 Postea,
974 767 1042 809 curn
1058 747 1235 828 deprecante
1249 747 1337 805 fratre

243 841 413 904 Memnonis
428 843 575 919 Mentore,
588 844 673 926 cujus
684 864 815 907 sororem
827 846 859 906 iu
868 844 1055 907 matrimonio
1068 844 1232 905 Artabazus
1247 841 1336 903 babe-

242 938 318 1009 bat,¹
338 958 405 999 cum
425 940 561 1002 exulibus
582 942 612 1003 iu
627 944 753 1023 gratiam
766 943 905 1004 rediisset
915 942 1030 1013 Ochus,
1043 960 1155 1020 eosque
1167 958 1187 999 a
1200 937 1337 1017 Philippo

242 1045 406 1114 repeterett
428 1036 598 1101 Alexander
619 1039 738 1120 legatos
757 1041 872 1102 eximios
885 1039 917 1099 iu
930 1037 1049 1100 tantilla
1059 1048 1149 1100 estate
1162 1034 1271 1097 indolis
1284 1035 1337 1093 sd·
1447 1071 1448 1080 r

241 1130 397 1195 miratione
411 1132 453 1194 its
464 1135 599 1215 perculit,
613 1147 647 1197 ut
658 1156 735 1198 unns
749 1157 851 1201 eorum
865 1137 897 1198 iu
908 1136 976 1197 base
988 1136 1078 1197 rerba
1098 1143 1299 1215 prorumperet
1309 1136 1337 1191 ε’

241 1227 321 1289 'llic
344 1229 462 1307 quidem
485 1249 557 1311 pnsr
577 1232 708 1313 Magnus
729 1245 778 1295 est
799 1232 883 1301 lien
913 1242 1014 1293 noster
1038 1249 1118 1302 vero,
1142 1227 1248 1290 dives!
1286 1228 1335 1285 26.

243 1322 318 1385 llaec
328 1336 426 1387 autem
436 1346 505 1387 cum
515 1328 619 1391 merito
628 1330 747 1409 quidem
763 1341 877 1391 nataris
892 1349 955 1389 suas
965 1328 1073 1389 debere
1085 1325 1245 1396 videretur,
1257 1320 1337 1383 band
1448 1325 1449 1368 ἲ

242 1418 338 1480 miuus
361 1420 540 1483 institutioni
566 1423 679 1487 debuit.
731 1426 808 1485 Nam
834 1435 918 1504 pater
945 1425 1019 1485 satis
1046 1435 1167 1503 gnaro&
1193 1429 1337 1499 (imm

243 1515 458 1594 Epaminonda
478 1520 685 1583 commercium
699 1521 756 1581 sibi
775 1520 960 1601 proluisset‚¹
979 1530 1150 1599 quantoque
1173 1516 1259 1597 plura
1276 1514 1337 1575 elo·

242 1613 374 1689 quentia,
388 1615 519 1692 quamsi
534 1616 721 1689 coniecisset,
737 1634 854 1677 summa
867 1634 940 1676 cura
958 1615 1142 1685 incubuerat,
1154 1622 1188 1671 ut
1205 1628 1224 1671 s
1238 1620 1338 1670 tenera

243 1706 342 1769 statim
356 1718 446 1769 setste
458 1708 622 1771 liberalium
637 1712 744 1771 artium
761 1711 867 1771 studiis
881 1712 973 1790 probe
984 1710 1173 1770 imbueretur.
1213 1709 1264 1765 27.
1280 1705 1339 1784 lgi-

243 1810 289 1861 tur
313 1802 510 1877 Aristotelem,
533 1808 633 1885 magni
648 1807 775 1867 nominis
789 1806 1011 1887 pbilosopbnm,
1024 1802 1195 1884 ingentibus
1209 1801 1337 1881 premiis

258 1908 396 1959 vocatum
411 1901 549 1979 perpulit,
569 1914 603 1962 ut
616 1902 704 1963 etiam
725 1904 820 1983 prims
833 1903 984 1975 literarum
997 1901 1144 1962 elementa
1163 1917 1255 1978 puero
1277 1907 1338 1957 trs·

243 1990 348 2054 deret.¹
362 1995 427 2055 Nec
441 1996 544 2057 abnuit
556 1998 598 2057 vir
612 1996 816 2072 doctissimus,
830 2018 899 2059 curn
909 1998 1098 2076 intelligeret,
1107 2006 1251 2077 quantum
1258 2004 1339 2054 esset

242 2108 261 2147 a
274 2090 417 2169 principio
436 2100 516 2153 recte
527 2093 630 2155 instrui
645 2093 746 2154 multis
760 2095 987 2173 imperaturum:
1008 2084 1175 2172 frustraque
1188 2090 1339 2151 contemni

241 2204 296 2264 pro
309 2187 406 2265 parvis
421 2188 484 2248 sine
494 2188 601 2266 quibus
621 2188 660 2249 ad
675 2189 787 2269 majora
799 2188 951 2268 proiectus
965 2206 1025 2249 uon
1039 2197 1130 2249 esset.
1170 2188 1221 2247 24.
1241 2182 1339 2245 Variis

217 2280 351 2341 'deinde
373 2283 530 2361 magistris,
546 2294 579 2345 ut
600 2284 676 2345 alius
700 2283 760 2345 alia
781 2294 845 2344 arte
866 2283 1038 2354 excellebat,
1063 2302 1146 2355 usus,
1168 2302 1228 2343 uon
1248 2280 1340 2341 ruodo

243 2387 371 2438 mentem
385 2380 511 2459 egregiis
525 2380 659 2459 implerit
672 2378 859 2460 discipliniss
880 2399 980 2439 serum
1003 2380 1092 2441 otiam
1114 2396 1223 2457 corpas
1242 2378 1340 2437 omnis

244 2473 360 2550 generis
373 2475 642 2549 exercitationibus,
656 2476 694 2537 sd
711 2494 796 2535 usum
810 2475 964 2547 beliorum,
985 2486 1017 2536 et
1037 2475 1210 2556 patientiam
1228 2473 1340 2534 laboris

243 2567 394 2630 edomuit:
416 2590 453 2631 ne
468 2584 531 2633 turn
554 2572 672 2651 quidem
697 2591 823 2647 vacuus,
849 2591 918 2632 cum
936 2571 1021 2633 otiari
1045 2571 1209 2639 videreturz
1228 2570 1339 2651 quippe

243 2664 314 2744 pila,
327 2666 374 2725 rel
388 2664 546 2728 saltatione
559 2668 645 2742 virili,
666 2686 727 2729 uon
751 2680 811 2729 tam
835 2667 956 2729 laxabat
979 2666 1118 2740 animum,
1142 2684 1231 2747 quam
1253 2667 1339 2727 seriis

243 2762 394 2841 obsequiis
408 2764 538 2824 membra
552 2767 750 2845 preparabat.

283 2857 339 2917 lll.
378 2860 405 2919 1.
427 2859 589 2940 Postquam
612 2861 720 2923 deinde
743 2872 817 2922 etas
831 2872 862 2923 et
875 2862 1025 2941 ingenium
1039 2860 1189 2941 paulisper
1198 2858 1339 2927 adolevit,

237 2953 359 3033 jamque
374 2958 566 3019 severioribus
580 2959 687 3020 studiis
702 2960 828 3021 idoneus
843 2959 924 3019 risus
939 2969 996 3029 est,
1010 2967 1188 3028 revocatuu,
1204 2956 1256 3034 qui
1274 2966 1342 3015 tuns

244 3049 324 3129 apud
351 3050 538 3132 Mitylenaeos
565 3058 686 3136 agebat,
714 3054 903 3116 Aristotelem
931 3053 1073 3114 continuo
1096 3070 1197 3114 seeum
1223 3051 1340 3121 babuit,

243 3145 338 3209 donec
350 3160 417 3227 post
430 3162 553 3209 mortem
566 3150 659 3230 patris
674 3148 1064 3229 rerumpotitus,iu1Asiarn
1078 3148 1270 3226 uansjioeret.
1307 3151 1339 3208 2.

244 3242 312 3309 Quo
335 3245 482 3322 temporis.
499 3245 596 3325 spatio
620 3246 761 3325 quiequid
784 3266 802 3307 a
823 3256 908 3305 tanto
929 3255 1111 3325 preceptore
1133 3243 1212 3303 tradi
1231 3245 1339 3322 potnit,

242 3337 408 3417 perdidicit.
451 3340 678 3419 Cognoscendie
701 3360 798 3403 rerum
812 3352 949 3402 nature·
968 3352 1054 3401 tanto
1066 3340 1181 3400 osidius
1194 3339 1341 3411 incubuit,

243 3446 355 3513 quanto
363 3436 555 3513 pertinaciore
571 3457 623 3519 spe
637 3440 789 3519 imperinm
803 3437 933 3497 universi
943 3438 1022 3497 orbis
1032 3446 1221 3517 praeeperat
1242 3434 1341 3515 Cujus

242 3530 462 3608 indagationem
490 3543 596 3613 postea
620 3554 740 3614 quoque
764 3534 888 3613 adjuvit,
912 3532 1000 3614 plane
1022 3534 1104 3613 regio
1124 3544 1156 3593 et
1178 3530 1288 3604 animo,
1309 3540 1343 3591 et

243 3638 352 3685 sumtu.
396 3630 424 3687 ³.
447 3628 609 3703 Aristoteli,
624 3636 683 3711 quo
699 3641 820 3691 naturas
841 3628 1011 3690 animalium
1027 3628 1138 3689 certius
1158 3636 1248 3707 atque
1269 3644 1342 3706 per·

242 3723 374 3800 apertius
398 3725 589 3786 commentari
609 3738 722 3806 posset,
743 3738 808 3787 tota
826 3726 899 3787 slsis
917 3725 1094 3804 Grecisqne
1107 3742 1210 3804 parere
1225 3720 1343 3801 jtmlb'

243 3828 387 3899 quotquot
402 3830 519 3891 venatu,
535 3824 670 3905 aucupio,
684 3824 837 3905 piscature
852 3822 941 3883 vitam
955 3820 1131 3893 tolerabant,
1146 3817 1342 3897 autaliquem

275 4018 376 4069 ·Diod.
387 4020 437 4071 Sis.
451 4034 511 4074 xrs.
522 4038 548 4087 p.
561 4028 618 4075 tte·
809 4023 1045 4076 Noer.ers.rx.s.

275 4096 368 4146 'Plut
379 4097 412 4147 de
426 4099 497 4149 Fort.
509 4098 584 4152 Ales.
593 4114 626 4151 rr.
637 4104 679 4152 st.
841 4106 853 4133 ⁸
868 4098 950 4161 Dioq.
968 4096 1057 4149 Lairt.
1076 4095 1103 4150 u
1126 4094 1237 4147 Aristot.
1264 4092 1342 4147 Plnt.

274 4172 377 4223 ¹Diod.
387 4173 439 4223 Sic.
451 4186 509 4227 xrs,
520 4188 546 4239 p.
557 4180 615 4227 blo.
809 4175 886 4227 Alex.
896 4190 923 4239 p.
933 4177 992 4225 608.

273 4248 419 4302 routncstt.
428 4248 495 4303 lust.
503 4249 606 4305 0rst.s.
615 4257 638 4304 1.
648 4256 689 4305 20.
699 4252 770 4305 (tell.
847 4250 859 4284 δ
871 4249 941 4300 Plln.
953 4248 1025 4301 iiist.
1036 4246 1099 4299 Nat.
1110 4260 1173 4299 ssu.
1181 4248 1221 4299 tt.
