2925 4867
360 360 490 411 suurn.
514 362 553 410 rs
576 363 613 424 o.
631 359 810 412 cunctus
836 360 910 410 ura.
935 360 974 409 rr.
1142 345 1208 412 lto

132 504 300 586 qsimsxime
319 503 429 566 bellum
452 501 563 566 differri
575 502 717 575 soluerat,
730 503 859 564 mersisne
883 487 1110 568 incensandum
1130 525 1204 567 can·

131 613 202 674 seret,
220 600 381 680 rsltroque¹¹
398 600 462 678 jum
486 598 689 662 &lumbum
710 599 888 660 hortaretur.
928 601 978 662 2³.
997 602 1105 681 ,ltequs
1124 601 1208 664 omni

132 695 236 760 wast
249 693 455 758 maturandam
465 694 676 774 profectionem
689 693 890 767 conversanti
904 695 992 756 Dium
1007 691 1213 760 Mseednnise¹
1267 755 1269 758 .

85 852 88 857 ,
132 796 216 854 urben
228 788 299 855 lusi
313 789 452 870 Olympio
462 806 578 852 sacrum
592 791 673 863 lecit,
682 789 851 852 institutum
862 793 901 852 sb
914 792 1069 863 Archelao.
1078 793 1129 872 qui
1143 803 1212 873 pust

132 887 288 950 Perdiccam
299 885 462 947 Alexandri
478 886 571 948 tilium
596 885 740 966 regnavit.
781 887 879 948 Musis
903 907 1020 968 qunque
1040 887 1127 950 ludos
1146 907 1214 952 sce·

132 986 203 1044 nicos
215 982 295 1057 lenit,
307 1002 360 1062 per
373 1001 479 1043 uorem
502 982 578 1056 dies,
591 1000 645 1061 pro
665 1001 787 1044 numero
808 981 948 1046 Dearum.
988 987 1039 1044 tt.
1059 985 1136 1046 Post
1148 986 1214 1047 brec

130 1079 285 1142 consirium
312 1097 427 1140 summa
453 1078 674 1159 minuentis
700 1079 884 1140 celebratum
913 1091 979 1149 ests
1012 1081 1215 1154 teberuccalo,

129 1176 201 1257 quud
211 1184 331 1236 centum
343 1175 437 1235 lectus
446 1189 576 1255 caperet,
585 1173 754 1246 adornato‚¹‘
767 1174 808 1235 ibi
821 1193 889 1234 oum
905 1174 1007 1236 amicis
1021 1161 1215 1258 ducibsuque,

129 1285 157 1333 et
168 1273 311 1333 ciuitatum
324 1271 431 1352 legetis
445 1270 602 1332 accubuit:
624 1272 677 1332 25.
699 1290 752 1350 per
770 1271 931 1332 exercituin
952 1291 1069 1352 quoque
1083 1276 1215 1336 viennas
1254 1317 1256 1320 -

130 1369 213 1429 diuidi
220 1368 320 1448 jussit,
333 1367 450 1447 aliaque
463 1367 598 1448 praeberi,
610 1369 718 1446 quibus
740 1367 907 1428 destinatus
920 1367 1058 1430 hilaritati
1072 1370 1137 1431 dies
1158 1369 1217 1430 scs·

129 1464 190 1526 tisis
200 1464 306 1546 epulis,
321 1473 353 1524 et
363 1464 471 1526 faustis
481 1464 621 1524 mutantis
636 1465 706 1526 belli
715 1464 866 1526 ominibus
877 1465 1097 1546 transigeretur.

166 1561 219 1621 lll.
255 1565 284 1622 l.
304 1561 381 1620 Vere
407 1559 678 1622 nosc¹ountrnctis
700 1559 832 1640 undiquc
853 1561 946 1640 copiis
961 1562 991 1622 in
1006 1564 1107 1624 Asiam
1124 1575 1220 1626 traus-

123 1658 207 1752 jecits
230 1657 393 1720 exeritum
413 1657 517 1718 robore
537 1675 628 1736 quam
654 1675 777 1716 numero
797 1654 968 1718 validiorem
991 1657 1115 1720 ducws.
1156 1657 1221 1720 Tri·

126 1754 206 1831 ginta
218 1753 349 1832 peditum
369 1752 462 1812 millia
481 1752 638 1814 Parmenio
652 1751 800 1812 ducebat:
819 1771 946 1832 quorum
964 1754 1148 1816 Macedones
1162 1764 1221 1816 tre-

127 1851 220 1911 decim
236 1850 448 1930 expleverantr
469 1848 599 1928 quinque
623 1858 710 1908 eraru
731 1849 868 1910 mercede
890 1848 1120 1919 militantiumrl
1139 1863 1220 1914 cete-

126 1965 187 2008 rum
198 1943 418 2006 multitudinem
433 1944 506 2004 socii
519 1943 713 2022 federatique
736 1943 887 2006 miserant.
929 1945 992 2006 Hcs
1005 1949 1107 2026 cupias
1130 1947 1223 2027 illyrii

126 2042 312 2119 Thracesque
329 2054 362 2102 et
379 2037 512 2114 Tribuni,
526 2038 565 2100 ad
587 2039 719 2118 quinque
733 2038 885 2100 bominum
900 2041 992 2102 millia
1005 2044 1222 2121 sequebantur:

125 2135 235 2196 additis
247 2135 328 2196 mille
343 2135 539 2214 Agrienorm
561 2134 735 2213 sagittariis.
777 2136 805 2192 l.
829 2133 1000 2213 Equitstum
1023 2137 1221 2200 Macedonum

123 2231 205 2292 mille
225 2231 465 2311 octingentorum
486 2229 622 2291 Philetus
647 2228 813 2295 ducebatr‘
833 2243 864 2288 et
877 2229 1001 2292 totidem
1020 2252 1056 2293 ex
1070 2233 1226 2294 Thessalia

124 2328 235 2390 Calas:
256 2348 277 2388 u
289 2328 404 2407 reliqua
416 2327 534 2386 Grecis
544 2326 675 2388 sexcenti
691 2325 812 2385 omuino
826 2328 940 2405 equites
956 2331 1225 2410 reneruut‚quibus

123 2424 279 2505 Erigyium
301 2421 482 2504 preposuit:
502 2441 610 2502 agmen
635 2421 764 2482 ducebat
788 2421 958 2486 Cassander
978 2445 1046 2486 cunr
1067 2427 1226 2504 nongentis

123 2522 274 2582 Thracum
302 2534 392 2599 atque
417 2519 561 2580 Paeonum
588 2517 838 2580 antecursoribus.
882 2523 910 2581 3.
937 2519 1026 2581 Hunc
1054 2523 1226 2594 exercitmn,

121 2637 184 2678 non
200 2618 384 2695 ultraquam
400 2616 429 2674 iu
445 2616 568 2695 triginta
580 2614 645 2676 dies
664 2613 782 2694 proviso
793 2627 972 2688 commeatu,
986 2617 1106 2676 infinitis
1121 2618 1227 2678 barba·

121 2733 226 2774 rorum
241 2712 337 2791 copiis
360 2729 509 2791 opponere
534 2730 594 2770 non
615 2710 776 2780 dubitavit;
800 2711 907 2771 virtute
927 2731 1046 2774 suorum
1059 2714 1163 2785 fretus,
1176 2713 1229 2794 qui

121 2808 277 2872 vincendo
284 2827 378 2875 senes
400 2807 484 2880 lacti,
497 2808 602 2868 robore
626 2805 790 2866 animorum
813 2825 1018 2886 armorumque
1032 2827 1089 2868 usn
1107 2809 1229 2870 cuilibet

121 2903 310 2967 multitudini
337 2904 467 2965 bostium
495 2902 708 2983 insuperabiles
735 2912 829 2962 erant.
868 2906 900 2963 4.
935 2903 1114 2984 Antipatrn,t
1140 2925 1228 2985 quem

120 3021 196 3063 cum
226 2999 384 3062 duodecim
408 2999 538 3062 millibus
559 2999 705 3079 peditum,
731 3009 762 3060 et
781 2997 862 3062 mille
884 3000 1052 3080 quingentis
1080 3003 1229 3081 equitibus

123 3097 321 3158 Macedonia
335 3095 521 3174 Graeciaque
534 3096 623 3155 rebus
638 3094 823 3175 prefecerat,
837 3094 1012 3174 injunctum,
1026 3109 1060 3158 ut
1071 3099 1230 3158 onndnuos

121 3195 153 3254 in
176 3195 303 3272 Europa
326 3189 461 3254 delectus
489 3203 601 3271 egeret,
625 3191 735 3270 quibus
758 3191 900 3252 adversus
925 3191 1090 3271 praeliururu
1117 3194 1230 3272 ferique

121 3289 310 3350 detrimenta
323 3287 469 3348 exercitus
491 3287 618 3348 subinde
630 3301 798 3350 uocaretur.
839 3287 906 3348 Hoc
927 3308 1016 3348 unum
1036 3289 1090 3348 sibi
1105 3308 1231 3368 excepe-

123 3401 185 3459 rat,
206 3406 279 3448 cuns
293 3396 393 3446 cetera
414 3385 517 3448 smicis
542 3385 707 3464 largiretur.
748 3389 779 3444 ὀ.
799 3382 947 3465 Quicquid
968 3385 1048 3445 enirn
1066 3385 1150 3446 sulse
1167 3403 1230 3444 me·

117 3484 239 3562 putate
251 3482 336 3562 regni
357 3482 462 3542 abesse
480 3494 607 3559 poterut,
630 3482 801 3562 priusquam
815 3501 906 3542 naues
921 3482 1144 3554 conscenderet,
1157 3482 1233 3540 inter

124 3599 203 3640 suns
225 3579 399 3639 distribuit.e
444 3576 602 3639 Perdiccas
623 3578 769 3659 predium
785 3577 866 3657 quud
889 3579 1016 3640 dabatur
1032 3597 1091 3640 non
1107 3577 1233 3655 aceepit,

123 3677 317 3755 interrogato
335 3692 417 3752 rege,
434 3673 531 3753 ‘quid
553 3672 676 3735 tundens
699 3674 755 3734 sibi
778 3675 834 3754 ipsi
858 3672 960 3754 reliqui
985 3675 1121 3740 funeretz’
1143 3685 1232 3751 atque

160 3834 175 3868 ¹
192 3836 270 3887 Plut.
280 3836 358 3886 Alex.
369 3840 465 3902 pult.
710 3851 781 3888 xvrt.
792 3853 818 3902 p.
829 3840 887 3888 til.
905 3836 997 3902 Polyb.
1015 3849 1067 3886 xrr.
1079 3839 1118 3886 tu.
1137 3833 1234 3888 Jusrtn.

157 3913 166 3945 ⁸
185 3913 270 3964 Diod.
281 3927 353 3964 xvrr.
365 3928 392 3978 p.
409 3917 467 3964 ott.
482 3911 584 3964 Arriam
596 3917 668 3976 ¹4¹¹·
709 3928 750 3965 ιι.
763 3919 786 3965 u.
798 3919 822 3964 2.
838 3915 894 3966 Lis.
906 3927 946 3964 rx.
959 3917 998 3964 tt.

125 3985 233 4037 Justin.
243 4001 285 4038 ιι.
297 3993 324 4037 ⁶.
334 3993 361 4038 o.
628 3991 649 4038 Ι
740 3996 751 4024 ⁶
768 3990 842 4039 Curt.
854 4002 894 4039 rt.
903 3992 928 4038 o.
940 3992 981 4039 ll.
992 3987 1072 4039 Diod.
1082 3987 1100 4039 l.
1110 3989 1127 4038 l.

162 4062 177 4095 ¹
194 4062 280 4113 Diod.
291 4063 337 4112 l.l.
739 4064 752 4098 ἅ
767 4064 871 4115 Dinon.
881 4065 899 4116 l.
911 4063 1014 4114 Arrian.
1026 4077 1046 4114 ι.
1055 4068 1096 4115 ll.

164 4146 180 4170 ²
196 4139 335 4188 Arriann.
347 4141 388 4188 lt.
739 4137 1237 4204 ‘Ptnt.rttex.p.oss.tusttn.xr.⁵.u,

166 4214 180 4249 δ
198 4215 243 4266 ld.
254 4217 270 4266 l.
281 4215 299 4266 l.
314 4214 387 4265 Plut.
396 4209 472 4266 tres.
483 4230 510 4281 p.
519 4219 577 4267 dtu.
586 4214 666 4267 Diod.
