2925 4867
289 1474 661 1553 SERENISSIMO
700 1478 1034 1557 GALLIARUM

249 1746 1078 1923 DELPHINo

517 2138 818 2151 ψ-

124 2387 248 2481 Quen
264 2404 339 2489 ipse
359 2405 470 2471 iacere
492 2406 606 2473 multis
629 2408 819 2473 nominibus
841 2409 1005 2475 debuerat
1018 2408 1165 2485 Curtius,
1180 2408 1210 2471 ei

123 2504 187 2571 imo
201 2511 301 2573 etate
315 2507 454 2585 viveret,
468 2508 534 2572 hoe
556 2508 637 2572 mihi
655 2508 731 2592 ejne
746 2510 914 2593 interpreti
929 2510 1119 2577 iaciendum
1132 2510 1209 2587 snit,

123 2606 339 2671 Serenieeime
354 2607 535 2691 Delphine,
546 2610 586 2671 nt
597 2606 782 2673 Alexandri
796 2608 913 2692 Magni
926 2609 1078 2691 effigiem,
1089 2609 1210 2692 optimi

123 2708 291 2789 quondam
313 2708 449 2773 artilioin
470 2726 571 2772 mann
592 2726 806 2790 expressam,
822 2726 911 2773 nnno
933 2710 1084 2773 absterso
1104 2709 1211 2787 veluti

123 2807 259 2897 pulvere
273 2806 464 2872 nitidiorem
483 2806 634 2871 offerrem
651 2808 731 2888 tibi;
753 2806 862 2872 audeo
876 2807 998 2886 dicere,
1020 2807 1155 2890 dignum
1177 2815 1211 2872 te

124 2926 261 2988 mnnns;
276 2908 422 2991 dignum,
437 2908 584 2992 inquam,
598 2906 662 2973 hae
674 2912 786 2983 etate,
800 2906 865 2972 hoo
881 2908 1028 2991 ingenio,
1042 2906 1096 2972 hie
1110 2909 1211 2972 mori-

123 3008 197 3086 bus,
222 3009 286 3074 hac
309 3008 540 3088 fortunatae
565 3026 628 3091 spe
654 3006 874 3073 maximarum
902 3027 1022 3086 rernm,
1047 3009 1083 3071 in
1110 3027 1213 3092 qnam

124 3107 300 3174 adoleneie.

167 3208 293 3274 Cernes
306 3211 339 3274 in
349 3210 413 3274 hae
426 3210 562 3288 tabella,
577 3228 655 3295 quae
669 3208 801 3289 miiere,
814 3225 881 3274 non
894 3226 1021 3293 panea:
1044 3228 1123 3293 qun
1136 3209 1211 3272 imi·

124 3316 207 3385 tere,
220 3310 341 3375 multa:
364 3328 443 3394 quae
464 3312 591 3389 vincas,
607 3311 769 3394 plurima:
796 3330 874 3392 quen
896 3310 1079 3372 intuentem
1099 3307 1210 3373 deleo-

123 3414 206 3483 tent,
230 3408 353 3472 omnia.
405 3405 581 3491 Agnosces
606 3428 677 3472 non
703 3412 776 3474 eine
804 3408 991 3490 voluptate,
1019 3408 1150 3491 opinor,
1174 3410 1210 3473 in

122 3508 309 3573 Alexandri
323 3510 465 3591 imagine
479 3514 590 3589 tnam3
613 3516 650 3573 et
662 3510 825 3592 impressa
837 3508 892 3572 hie
906 3508 974 3571 illic
988 3524 1055 3571 non
1067 3506 1211 3573 obscure

122 3608 247 3675 indolis
255 3614 319 3673 tnae
331 3610 489 3691 vestigia:
504 3609 596 3674 illam
607 3628 740 3693 apnero
748 3608 983 3674 excelsitatem
991 3608 1106 3686 animi,
1114 3609 1210 3673 illurn

123 3726 273 3774 amorem
288 3728 375 3775 veree
392 3709 515 3786 landis,
528 3710 620 3775 illam
635 3713 670 3774 in
685 3710 835 3793 Superos
856 3710 1030 3792 pietatem,
1045 3708 1139 3773 illum
1158 3728 1211 3774 ar·

123 3812 237 3875 dorem
250 3810 370 3893 ingenii
384 3811 509 3875 eximie
528 3811 643 3876 vultus
657 3828 850 3894 morumque
863 3810 1032 3874 enaritate
1046 3816 1211 3894 tempera·

122 3920 216 3977 tum:
238 3910 330 3975 illem
344 3911 390 3976 ad
404 3911 545 3976 honesta
558 3930 701 3996 quaeque
715 3912 867 3995 eorporis
880 3910 1087 3976 exercitandi
1099 3912 1211 3975 munia

123 4010 377 4077 dexteritatem:
398 4011 483 4077 illud
504 4012 664 4077 adversus
685 4012 800 4077 literas
820 4012 1037 4096 hominesque
1058 4012 1209 4078 literatos

124 4109 273 4177 studium
288 4111 465 4195 singulare.

192 4210 455 4275 merresta.
614 4214 646 4271 Q.
660 4215 728 4263 cerr.
1120 4210 1147 4261 A
1234 4230 1241 4243 ι
