2925 4867
559 402 784 453 ‚PROOEHIUH-
1172 396 1214 463 ll

126 550 181 611 tut
194 541 378 609 Alexandri
393 540 558 623 Historia,
573 562 674 629 quern
688 546 777 612 iuter
789 543 942 623 Grecos,
955 544 1074 611 eodem
1087 551 1127 609 ut
1143 561 1215 609 ore·

125 642 215 709 ditur
228 644 385 720 oonsilio,
396 644 468 727 jem
480 644 659 727 scripserat
670 643 869 711 Giiturehus
895 645 1052 711 Romano
1061 645 1215 721 Rhetori,

125 742 213 808 unde
224 744 356 809 teriora
363 744 493 809 haurire
506 752 633 828 possm,
644 763 710 811 uon
721 764 842 829 mepnu
853 754 925 812 erut
933 765 1034 827 oure;
1049 764 1215 829 eampum,

124 844 159 909 in
170 863 240 927 quo
253 848 311 910 irs
323 846 472 911 exultare
486 852 616 928 posset,
630 846 807 925 invenisse,
821 849 904 913 setis
917 846 1074 913 hebehut.
1116 847 1215 911 Sum·

123 962 181 1009 me
194 952 264 1010 tum
276 964 358 1011 oure
370 950 501 1023 eret,ut
515 947 684 1012 oretioues
692 947 917 1015 ornatissimae
932 955 967 1012 et
977 945 1215 1029 descriptiones

122 1045 263 1127 wem
282 1046 340 1111 vel
363 1064 409 1110 ex
423 1044 548 1111 Graece
562 1047 769 1131 manscriptae
795 1046 851 1113 vel
874 1066 992 1113 reeens
1016 1046 1214 1131 eompositee

121 1162 232 1209 rerum
247 1153 414 1227 gesturum
429 1146 526 1211 senei
540 1164 602 1211 suo
618 1164 766 1229 querque
782 1146 860 1212 loeo
873 1148 1101 1225 insererentur,
1113 1151 1214 1229 etque

122 1246 266 1310 invicem
277 1245 463 1311 Historiam
477 1253 643 1312 eruerent
687 1246 835 1331 Reiiqus
846 1266 938 1326 vero,
951 1253 989 1312 ut
1001 1248 1087 1313 hene
1102 1250 1215 1312 herre-

119 1354 242 1423 rentur,
261 1366 400 1431 opernm
413 1348 552 1431 quidem
564 1346 666 1427 dedit,
681 1347 742 1413 sed
755 1356 894 1433 propter
912 1349 1140 1434 imperieetem
1162 1370 1214 1417 re·

120 1464 197 1513 rum
212 1446 389 1513 Historieo
401 1449 664 1515 necessariarum
677 1448 863 1516 doetrinum
886 1451 922 1516 in
941 1450 1065 1517 rnultoe
1086 1467 1214 1517 errores

122 1550 290 1632 obreptus
304 1554 366 1614 est.

122 1694 127 1699 -
167 1648 419 1733 Exemplurium
428 1648 537 1719 curtii
558 1653 855 1737 manuscriptorum
875 1652 975 1735 pluro
996 1649 1044 1717 ud
1063 1658 1212 1718 nostrum

119 1760 257 1819 etatem
271 1759 499 1836 praenotant,
511 1752 571 1817 sed
584 1752 708 1819 oceidit
719 1753 850 1831 Curtio,
864 1752 953 1836 quod
962 1752 1105 1819 Arriano
1120 1747 1213 1819 eliis·

120 1872 200 1937 qne,
214 1859 380 1918 utomnes
393 1851 540 1918 Godioes
566 1853 759 1936 superstites
781 1871 827 1918 ex
849 1871 917 1918 uuo
942 1855 1079 1937 entique
1100 1872 1213 1919 exem·

119 1955 207 2037 pleri
221 1972 331 2037 eoque
342 1954 415 2036 jem
437 1954 557 2018 mutilo
572 1953 728 2035 originem
743 1952 929 2033 marmiun
950 1954 1118 2037 perierunt
1129 1953 1214 2019 liber

118 2055 249 2138 primus
262 2061 298 2120 et
309 2054 490 2131 secundus,
500 2052 898 2137 etqueiusuperstitihus
906 2053 1018 2138 plures
1027 2052 1096 2117 ioei
1109 2054 1212 2119 modo

117 2154 273 2239 majoris,
294 2153 395 2220 modo
415 2153 554 2219 minoris
578 2154 733 2220 ambitus.
775 2154 887 2232 Quem
901 2152 1066 2218 defectum
1081 2159 1119 2220 ut
1133 2173 1212 2239 sup·

117 2255 262 2338 plerent,
299 2260 366 2321 tros
403 2254 618 2339 potissimum
650 2252 713 2317 riri
747 2253 838 2319 docti
876 2270 1012 2337 operum
1038 2252 1211 2323 dederuut.

119 2353 314 2439 christoph.
327 2356 453 2433 Bruno,
467 2353 490 2419 J
492 2355 561 2419 urie
575 2352 747 2438 utriusque
761 2354 976 2431 lieentietus,
997 2351 1212 2438 ejusdemque

119 2476 162 2523 ee
186 2459 350 2522 bonerum
373 2456 541 2521 literarum
568 2454 739 2539 quendem
775 2454 951 2522 Professor
975 2450 1149 2519 Moneohii
1175 2456 1212 2522 in

118 2558 249 2624 Sehoie
272 2555 426 2634 Poitioe,
448 2556 632 2633 amborum,
654 2556 714 2639 qui
736 2556 771 2619 iu
798 2554 962 2638 principio
982 2552 1212 2621 desiderentur

118 2660 280 2725 librorum
296 2658 570 2742 supplementum
583 2656 858 2742 eompeudiosum
873 2656 1016 2739 eollegit,
1025 2654 1118 2738 quod
1132 2674 1210 2720 eum

118 2761 238 2827 curtio
251 2760 412 2825 edebatur
424 2758 573 2825 Besileee
586 2758 683 2824 1545.
706 2757 779 2823 Foh
792 2763 828 2823 et
841 2765 966 2841 posteo
980 2772 1074 2840 sepe
1088 2757 1211 2840 repeti-¹

120 2867 190 2927 turn
215 2866 278 2927 est
320 2860 432 2944 AEque
455 2858 696 2943 compendiose
717 2862 794 2924 suut
817 2856 1048 2942 christophori
1073 2856 1210 2923 Cellerii

119 2962 362 3045 supplemento
385 2962 461 3026 libri
479 2979 504 3026 ι.
525 2968 561 3025 et
584 2976 623 3025 11.
646 2966 747 3045 etque
771 2960 965 3025 lueonerurn
988 2958 1210 3042 posteriorum

117 3062 290 3140 librorum,
314 3060 411 3127 1888.
463 3061 551 3141 Qum
577 3062 771 3140 exciderint,
796 3057 963 3144 quomodo
989 3058 1119 3142 singule
1139 3060 1209 3125 dis·

117 3164 407 3248 pensetuineriot,
421 3164 541 3246 puueis
564 3161 715 3245 exponit,
740 3167 838 3244 etque
860 3160 895 3223 in
917 3157 1042 3224 notulis
1066 3159 1210 3242 edjeetis

115 3272 275 3329 suctores
304 3282 386 3329 suos
414 3269 570 3329 recenset.
629 3262 780 3345 Utroque
814 3259 914 3342 longe
943 3260 1111 3342 eopiosior
1139 3260 1207 3324 suit

119 3364 379 3441 Freinshemius,
393 3365 450 3448 qui
468 3380 585 3428 ornnes
598 3364 737 3428 lenones
750 3362 902 3446 explevit
915 3360 1012 3425 lete.
1055 3360 1110 3423 Ex
1123 3378 1209 3444 que

117 3466 305 3549 virgenere
318 3468 517 3549 scriptorum
541 3462 703 3547 quiequid
724 3462 789 3527 huo
814 3462 1004 3545 speetuhut,
1028 3460 1136 3525 multo
1157 3462 1208 3526 le·
1232 3473 1235 3478 ’

117 3569 200 3633 hore
218 3567 362 3650 eudemi,
382 3573 416 3630 et
437 3566 470 3630 iu
497 3582 598 3630 uuum
624 3579 746 3647 eorpus
767 3564 949 3645 congessit,
970 3560 1059 3625 unde
1080 3562 1208 3652 foetum

116 3666 254 3752 quidem
277 3676 342 3745 est,
364 3673 401 3733 ut
414 3685 493 3733 uere
508 3671 541 3732 et
553 3663 666 3731 fursei
686 3665 877 3748 promiseoe
898 3662 1064 3744 leguntur,
1089 3665 1208 3729 merito

116 3788 197 3875 serp
211 3788 280 3853 pree
294 3768 428 3852 reliquis
441 3787 516 3834 eam
530 3766 574 3833 oh
583 3784 721 3832 censum
735 3764 901 3842 laudetur,
911 3764 1005 3846 quod
1018 3780 1080 3827 suo
1093 3760 1207 3831 iehore

146 3974 228 4025 ⁸1²2.
247 3988 272 4027 e.
294 3976 381 4025 stetin
401 3974 427 4025 iu
443 3974 581 4039 principio,
599 3968 646 4023 uhi
685 3972 855 4025 proruero
867 3971 1024 4039 petierimun
1035 3972 1207 4025 ethrirtohu·

113 4046 485 4101 Curtiinorniuedeioutihus
497 4049 572 4112 hujus
582 4046 642 4099 iiis·
682 4049 735 4099 iurn
754 4058 873 4109 unctores
889 4055 1008 4102 reeutuuu
1027 4062 1101 4109 ωας
1119 4046 1205 4099 sttui·

114 4124 193 4175 rorin
206 4124 311 4187 scripsit
322 4126 336 4187 t
348 4126 418 4173 1-u.
451 4121 540 4173 Hrhet
551 4122 595 4172 ills
608 4138 641 4175 ex
681 4139 738 4177 sum
747 4132 789 4177 ert
798 4125 832 4178 de
844 4124 944 4189 Curtio,
953 4130 984 4177 ut
994 4137 1072 4190 sppru
1082 4123 1177 4175 monui.

114 4198 221 4251 morri
231 4194 400 4263 Praeirtiooe,
415 4212 491 4267 quern
502 4209 589 4249 rerum
600 4206 641 4249 est
