2925 4867
448 912 512 1005 Q·
565 910 865 1003 CURTII
920 910 1121 999 RUFI

534 1170 611 1247 DE
646 1169 823 1247 REBUS
857 1168 1042 1247 GFSHS

309 1414 646 1495 ALEXANDRI
689 1416 855 1494 REGIS
896 1413 1268 1494 MACEDONUM

651 1669 819 1748 LIBER
859 1670 940 1745 VI..

647 2180 781 2229 ARGUM
789 2179 934 2229 ENTUM.

239 2353 307 2403 car.
318 2364 337 2400 ι.
372 2351 459 2401 Prelli
472 2351 542 2401 inter
554 2348 767 2400 lacedemonios
785 2356 865 2414 atque
884 2349 1042 2400 Macedones
1060 2340 1215 2416 descriptio.
1250 2353 1352 2419 Agidis

269 2445 348 2480 mors.
381 2431 502 2496 stupenti
515 2430 546 2479 ssi
556 2428 733 2479 Alexandrum
743 2429 855 2493 legatos,
865 2429 967 2478 reulum
979 2428 1133 2481 deiectionis
1145 2438 1272 2493 oraturos,
1281 2433 1352 2482 rnir·

271 2519 347 2573 tuot;
364 2526 442 2577 quum
452 2511 604 2575 impetrant.
637 2524 669 2560 rr.
688 2508 839 2560 Alexander
850 2509 919 2559 bellu
931 2510 1043 2560 invictus
1054 2511 1107 2560 otio
1119 2518 1147 2561 et
1156 2512 1258 2561 deliciis
1270 2511 1351 2562 fran-

270 2594 350 2656 gitur.
378 2592 477 2642 Rumor
487 2592 514 2642 in
525 2592 619 2641 cestris
630 2591 664 2640 ds
675 2590 762 2641 reditu
774 2590 799 2640 in
809 2588 999 2641 Macedoniam.
1033 2604 1076 2642 ιιι.
1095 2590 1250 2642 Hortatorla
1259 2590 1350 2641 Alex·

270 2672 346 2724 andri
357 2673 390 2723 ad
402 2672 497 2723 milites
507 2672 600 2735 orntio,
612 2671 758 2734 othelium,
769 2672 795 2721 iu
813 2671 876 2722 Asia
887 2672 1042 2735 inchoatum,
1055 2680 1247 2738 persequantur
1257 2680 1284 2723 et
1297 2674 1349 2722 an-

270 2755 380 2815 soiraut.
412 2767 451 2803 ιν.
466 2753 594 2815 Ziobetis,
612 2754 670 2801 miri
689 2750 810 2815 dominis,
832 2753 982 2817 descriptio.
1017 2744 1167 2805 Alexnnder
1184 2754 1352 2814 Nahemni,

270 2848 319 2897 per
336 2834 425 2884 literar
436 2834 547 2883 salutem
559 2833 697 2897 qurereuti,
709 2833 809 2882 renisus
821 2834 967 2897 pollicetur.
1001 2833 1116 2898 Deinde,
1128 2834 1288 2900 Hprcsniem
1304 2834 1350 2883 in·

270 2928 384 2977 pressus,
403 2914 528 2979 quosdam
542 2914 619 2963 Darii
635 2911 775 2977 prefectos
791 2914 816 2962 iu
827 2912 905 2963 fidem
917 2914 1022 2978 recipit.
1055 2930 1082 2965 ι.
1101 2914 1232 2965 Artabazo
1242 2928 1350 2964 summa

271 3008 330 3043 cum
341 2993 419 3044 autur
435 2994 618 3045 benevolentia
633 2999 757 3056 excepto,
768 2994 881 3057 Grecis,
897 2996 941 3061 qui
957 2995 1064 3045 Darium
1075 2996 1242 3059 adjuverant,
1253 2994 1351 3059 parcit

270 3074 431 3137 Alexander,
447 3084 484 3140 et,
500 3075 652 3127 Mardorum
664 3081 745 3139 gente
763 3074 901 3136 debellate,
918 3074 1081 3125 Amazonico
1093 3075 1228 3140 cujusdem
1240 3076 1351 3140 regina

269 3154 392 3219 petitioni
403 3154 539 3207 satisfacit.
571 3168 610 3205 ιι.
626 3154 788 3205 Macedones
799 3154 942 3207 Alexandri
954 3154 1122 3206 offenduntur
1134 3156 1266 3206 moribus:
1285 3158 1353 3221 qni,

270 3238 300 3283 ur
310 3232 464 3284 seditionem
482 3240 623 3297 averteret,
637 3233 670 3283 ad
686 3234 782 3283 bellurn
799 3234 881 3285 Besso
892 3232 1055 3286 inferendum
1071 3243 1184 3285 mentem
1201 3238 1351 3287 convertit.

270 3313 346 3365 Quod
358 3321 386 3364 et
395 3321 579 3377 strategemate
593 3315 714 3375 inchoat;
732 3330 764 3365 ac
772 3314 975 3378 Satibsrasrresn,
986 3316 1103 3366 Ariorum
1115 3324 1258 3379 satruparn.
1269 3320 1352 3381 quod

269 3392 420 3457 defecisset,
439 3394 551 3458 primurn
570 3396 742 3459 persequitur,
758 3394 882 3444 barbsros
897 3410 912 3444 a
930 3396 1060 3446 montibus
1077 3396 1202 3461 dispellit,
1214 3396 1352 3447 Artscac·

269 3484 329 3521 usm
340 3480 563 3541 expugnaturque
575 3475 602 3525 in
614 3478 790 3541 Drangisusm
802 3483 897 3527 moret.
931 3490 981 3528 ιιι.
998 3478 1209 3541 conjurationem
1225 3478 1252 3528 in
1262 3478 1351 3528 Alex·

269 3551 378 3602 sudrnm
388 3555 508 3618 Dymnus
524 3556 691 3621 Nicomacho,
701 3557 744 3608 iric
756 3572 803 3622 per
815 3556 969 3609 Cebalinum
981 3557 1087 3607 fratrem
1100 3558 1251 3609 Alexsudro
1266 3560 1349 3610 ‹lete-

269 3634 317 3699 pit.
340 3633 410 3685 Hinc
423 3650 490 3685 mors
502 3636 609 3699 Dymni,
619 3638 663 3702 qni
674 3638 731 3703 ipse
741 3638 789 3689 sibi
799 3652 890 3687 manus
902 3637 989 3689 infert.
1018 3652 1082 3689 vrrr.
1093 3637 1243 3689 Amicorum
1255 3642 1350 3705 regio-
1461 3688 1462 3691 ,

268 3729 326 3765 rum
337 3714 445 3765 consilio
459 3716 587 3779 Philotas,
594 3717 774 3767 Parmenionis
784 3716 863 3781 filius,
870 3718 1055 3781 conjurationis
1067 3724 1158 3769 suntor
1167 3726 1195 3768 et
1204 3720 1349 3785 particeps

267 3795 392 3858 creditus,
404 3796 517 3860 capitur,
528 3810 558 3846 so
576 3797 662 3847 relato
673 3798 762 3861 capite
779 3798 805 3847 iu
817 3797 914 3862 regisru
925 3798 1070 3848 abducitur.
1105 3811 1145 3848 ιιι.
1164 3798 1207 3847 De
1218 3800 1348 3863 conjun-

268 3876 340 3927 tione
354 3876 478 3926 sdrorsns
497 3876 618 3926 Philotan
636 3878 841 3941 expostulatoria
851 3876 994 3927 Alexandri
1010 3878 1043 3928 ad
1055 3877 1149 3928 milites
1161 3880 1254 3929 urstis.
1291 3881 1346 3930 Cn-

251 3950 254 3957 '
269 3969 323 4006 ram
334 3956 430 4020 quibus
441 3956 560 4005 Philotas
572 3955 700 4006 adductus
711 3956 889 4007 defensionem
902 3964 986 4020 purst.
1020 3971 1048 4008 x.
1065 3951 1239 4023 Apologetica
1250 3958 1346 4008 Plrilo·

269 4041 306 4084 re
315 4036 408 4097 oratio,
417 4049 467 4100 qua
479 4036 663 4099 conjurationis
673 4036 866 4086 accusationem
877 4051 923 4099 pro
934 4038 1057 4087 concione
1069 4038 1174 4088 refellit.
1208 4052 1249 4087 ιι.
1267 4038 1345 4090 Con·

269 4113 310 4161 cio
332 4126 348 4162 a
367 4114 477 4179 quodam
497 4116 596 4165 Boione
614 4129 727 4165 accense
741 4117 766 4165 in
785 4115 907 4166 Philotau
924 4118 1020 4181 surgit3
1038 4119 1083 4183 qui
1102 4118 1179 4182 psuin
1196 4126 1265 4181 post,
1278 4134 1342 4169 cun

269 4198 444 4256 torqueretur,
453 4194 538 4243 scelus
549 4196 657 4257 fatetur,
668 4208 778 4261 cumque
788 4195 894 4262 reliquis
906 4198 1016 4247 sontium
1029 4199 1096 4247 saxis
1107 4198 1231 4249 obruitur.
