2925 4867
352 444 479 495 suess.
503 446 544 496 ru
568 448 604 509 Q.
628 446 805 497 uunsrurr
830 447 903 498 urs.
927 448 951 496 r.
1128 433 1200 504 ,ω

113 602 170 641 rum
183 582 266 646 bellis
279 590 482 659 exercebatur,
496 601 527 669 et
550 591 739 672 subjugando
764 602 907 653 terrarum
929 590 992 649 orbi
1016 588 1197 668 quotidianis

113 676 291 743 incrementis
308 684 504 765 preludebat.

45 834 53 853 ,
149 774 187 836 ll.
217 780 244 839 l.
261 779 302 839 At
311 780 465 862 Philippus
480 792 587 843 auctus
605 784 675 860 filio,
690 785 728 846 de
742 791 936 865 quopropter
951 782 1052 843 oblatu
1068 792 1113 842 tot
1126 782 1199 841 omi·

112 886 148 929 na
159 891 238 951 spem
253 876 463 955 amplissimam
478 890 665 959 conceperat,
688 880 717 939 iu
739 879 947 940 educationem
960 896 1120 957 curemque
1135 878 1199 957 ejus

111 984 205 1028 onnes
228 974 424 1051 cogitationes
446 976 600 1036 convertit.
642 979 672 1035 2.
697 975 815 1056 Quippe
836 973 880 1035 sir
900 974 1031 1054 prudens
1051 985 1083 1033 et
1095 993 1200 1035 amans

110 1064 215 1140 patriae,
228 1068 302 1128 nihil
316 1070 516 1133 molitionibus
532 1072 594 1131 suis
615 1072 779 1151 proiectum
790 1069 878 1131 facile
892 1072 1049 1141 sentiebat,
1070 1070 1097 1129 si
1112 1072 1200 1130 rebus

110 1158 233 1240 undique
246 1166 345 1237 motis,
359 1165 508 1227 hominem
521 1168 688 1247 imperitum
702 1178 755 1229 aut
778 1186 900 1249 segnem
922 1166 1110 1228 Macedoniae
1131 1175 1201 1246 post

110 1270 139 1313 se
159 1256 354 1339 relinqueret:
376 1281 459 1323 suam
475 1282 595 1343 quoque
610 1264 735 1343 gloriam
748 1262 830 1323 haud
843 1260 1007 1324 durabilem
1020 1262 1159 1331 loturam,
1174 1262 1200 1320 si

109 1352 292 1416 maximarum
318 1376 415 1418 renam
442 1358 649 1433 instrumente,
676 1378 745 1437 quas
771 1368 856 1418 tanta
883 1356 1030 1417 industrie
1065 1358 1199 1435 perabat,

109 1451 283 1511 successoris
296 1452 402 1513 inertia
415 1454 607 1533 corrupisset.
650 1458 679 1514 3.
702 1454 855 1533 Leguntur
867 1453 945 1513 inter
957 1451 1101 1532 epistolas
1123 1454 1199 1531 ejus,

107 1548 264 1607 venustatis
276 1560 307 1609 et
320 1547 485 1629 prudentias
501 1550 614 1630 plenas,
628 1548 746 1623 literae,⁸
764 1568 839 1629 quas
853 1561 917 1609 tum
939 1548 978 1609 ad
1000 1548 1200 1620 Aristotelem,

108 1640 234 1718 quicum
248 1644 373 1706 Platone
388 1649 593 1719 exercebatur,
604 1648 739 1708 Athenas
752 1647 843 1719 misit,
856 1646 886 1705 in
910 1645 990 1705 bunc
1005 1644 1065 1703 lere
1079 1644 1200 1703 modurn

108 1735 230 1816 scriptas.
272 1743 303 1801 4.
324 1741 502 1823 ‘Philippus
532 1742 683 1803 Aristoteli
712 1742 839 1803 salutem
858 1741 941 1801 dicit.
982 1739 1145 1801 certiorem
1170 1751 1200 1801 te

107 1826 188 1905 facio,
209 1834 302 1896 filium
316 1836 386 1898 milri
400 1828 539 1917 genitum
547 1857 625 1898 esre.
660 1839 725 1898 Nec
738 1836 862 1918 perinde
874 1836 940 1896 Diis
954 1835 1079 1915 gratiam
1092 1835 1200 1909 babeo,

107 1925 182 2000 quod
197 1932 318 1989 omnino
333 1944 421 1993 ustus
436 1942 492 2008 est,
506 1953 596 2012 quam
611 1934 691 2012 quod
703 1934 862 1994 teflorents
871 1932 1046 1993 nasciillum
1055 1932 1198 2010 contigit:

106 2024 358 2099 aquoeducaturn
372 2026 598 2108 institutumque
613 2047 709 2108 neque
723 2029 810 2088 nobis
825 2026 980 2107 indignum
993 2046 1080 2105 spero
1093 2046 1201 2087 erasu-

105 2132 176 2191 rum,
196 2140 295 2201 neque
314 2123 496 2183 successioni
518 2136 666 2183 teutmuru
691 2142 787 2185 rerum
808 2123 959 2202 imparem.
1000 2121 1101 2181 Satius
1121 2122 1200 2181 enim

106 2214 238 2277 existimo
251 2237 351 2279 carere
365 2218 474 2294 liberis,
486 2238 576 2299 quam
587 2218 744 2299 opprobrie
755 2218 898 2297 majorum
908 2236 1028 2279 suorum
1035 2216 1199 2288 tollentem,

105 2305 133 2367 iu
145 2329 264 2390 poeuam
275 2314 435 2393 genuisse!
477 2314 584 2394 Neque
598 2313 704 2374 lelellit
716 2332 785 2375 eum
797 2312 913 2393 opinio:
951 2317 981 2373 5.
995 2313 1113 2395 Quippe
1127 2332 1201 2393 puer

104 2404 261 2469 Aristotele
275 2410 396 2471 doctore
410 2409 463 2471 diu
477 2430 561 2484 usus,
575 2410 614 2471 ad
629 2430 677 2471 res
698 2410 728 2469 in
750 2430 787 2470 ea
805 2420 895 2469 aetate
915 2409 1062 2489 gerendas
1081 2410 1199 2489 insigne

104 2504 272 2578 presidium
286 2507 342 2565 sibi
355 2507 548 2586 compararit.
591 2507 651 2568 Sed
666 2508 732 2568 hoec
750 2505 1046 2587 posteaacciderunt.
1079 2506 1199 2566 Interim

104 2600 255 2662 constituti
270 2612 340 2661 suut
353 2602 458 2662 infanti
472 2604 631 2665 nutritores
647 2613 736 2683 utque
751 2601 921 2684 paedagogi,
936 2600 1082 2663 Leonidas
1096 2602 1199 2681 Olym·

103 2694 196 2772 piaclis
206 2698 401 2777 propinquus,
412 2708 442 2757 et
450 2699 642 2779 Lysimachus
653 2701 816 2760 Acarnane
842 2700 873 2759 6.
884 2696 1198 2778 Philippnsenauoni

103 2788 234 2868 ejusdem
263 2793 407 2873 adjectus,
435 2796 486 2875 qui
513 2795 711 2857 valetudinem
738 2796 821 2875 pueri
849 2806 983 2874 regeret:
1015 2792 1200 2854 Hellanicaes

104 2886 256 2969 (Dropidis
269 2901 332 2949 erat
345 2890 415 2963 lilla,
430 2910 467 2951 err
480 2889 688 2952 illustrioribus
703 2891 904 2951 Macedonum
916 2889 1055 2965 foeminis)
1067 2887 1199 2968 corporis

103 2992 131 3041 et
139 3002 255 3046 morum
267 2997 349 3045 recta
362 2988 499 3067 temperis
510 2990 642 3069 probetne
658 2987 782 3049 nutricis
795 3006 904 3046 munus
919 2984 1133 3047 demandatum
1142 2995 1198 3045 est.

105 3080 131 3138 7.
153 3079 220 3142 llac
231 3096 304 3142 cura
316 3101 428 3163 paucos
442 3084 519 3144 intra
533 3104 629 3145 nuuos
644 3085 782 3145 effectum
794 3095 851 3157 est,
866 3092 900 3143 ut
913 3082 975 3162 jam
991 3092 1053 3143 tum
1067 3080 1200 3162 polliceri

103 3173 250 3237 uideretur
272 3198 340 3238 eum
366 3198 476 3257 regem,
504 3200 592 3259 quem
617 3180 809 3261 postmodum
837 3178 992 3239 exhibuit:
1013 3195 1082 3236 nans
1110 3188 1142 3236 et
1167 3175 1199 3233 in

103 3273 263 3349 puerilibus
277 3274 416 3335 membris
430 3274 592 3337 indomitur
611 3277 758 3335 eminebat
782 3277 882 3354 sigorr
904 3283 936 3334 et
956 3272 1070 3333 eximiae
1089 3270 1198 3331 indolis

103 3380 276 3447 argumente
303 3380 421 3432 sautem
443 3372 533 3451 louge
557 3383 771 3452 praevenerant.
813 3374 842 3431 8.
869 3369 1027 3429 Excellens
1047 3362 1149 3427 nativa
1169 3376 1201 3425 et

104 3466 232 3541 genuina
258 3474 414 3527 venustate
441 3470 598 3549 corporis,'
632 3468 745 3530 cultum
773 3467 984 3549 aspernabatur
998 3459 1028 3525 ι’
1057 3462 1199 3523 ‘anxiam

103 3560 204 3622 formes
217 3580 319 3623 curam
333 3562 459 3625 loeminis
473 3564 648 3626 convenire'
661 3565 812 3636 dictitans,
833 3569 921 3643 ‘quse
935 3560 1019 3620 nulla
1031 3558 1090 3618 alie
1111 3556 1200 3617 dote'

103 3676 188 3737 aque
214 3659 508 3723 commendarenturs
530 3662 578 3722 ‘si
601 3661 717 3722 virtutis
741 3659 831 3741 potiri
858 3656 1043 3738 contigisset,
1069 3655 1141 3715 setis
1166 3670 1199 3712 se

103 3753 269 3832 speciosum
291 3754 375 3815 lore!
415 3758 445 3817 9.
468 3756 536 3817 Fuit
550 3766 659 3830 eutem,
675 3776 743 3816 cum
757 3753 947 3826 edolesisset,
956 3753 1041 3832 justa
1053 3750 1199 3811 membro·

96 3836 166 3911 'rum
176 3850 362 3931 proportione
371 3854 561 3933 conspicuus,
575 3855 698 3913 artubus
709 3852 850 3924 robustis,
859 3850 1009 3932 probeque
1018 3844 1197 3925 compactis:

135 4064 147 4089 ⁸
163 4054 216 4108 Dio
227 4056 304 4109 Orat.
313 4072 344 4111 rr.
363 4056 481 4123 Asellius
491 4072 530 4111 rx.
540 4064 564 4111 t.
670 4058 763 4110 AEllan.
775 4062 878 4109 xerse.
897 4056 992 4109 Athen.
1002 4068 1041 4105 rs.
1053 4057 1077 4105 1.

134 4130 227 4185 'Pluh
240 4135 317 4185 Ales.
327 4148 354 4199 p.
364 4138 422 4185 oet.
702 4134 942 4183 ⁶AEllsn.xrr.lt.
969 4131 1140 4183 Arrtsn.srr.
1156 4128 1199 4175 ἵε.

136 4208 318 4260 'Curhrruth
330 4212 355 4261 l.
670 4211 743 4261 Plnt.
755 4209 900 4260 Arenooe

137 4282 229 4337 *idem
248 4300 311 4337 srrr.
330 4290 405 4338 ml.
433 4286 536 4338 Arriae.
551 4300 589 4340 rs.
607 4292 630 4337 Ι.
703 4285 801 4338 'curu
810 4297 854 4335 ιιι.
865 4287 923 4335 Μ.
