2925 4867
350 401 481 451 suern.
504 401 544 451 nr
568 404 603 465 Q.
626 403 800 489 cunnrurr
827 405 896 454 nra.
921 405 961 454 rr.
1136 393 1199 460 138

106 560 239 621 saporem
248 543 349 616 habet,
359 544 654 624 eademdnlcissima,
665 567 734 610 cnm
744 549 881 628 produxit
890 550 919 610 in
930 549 1067 612 rivulos:
1082 551 1200 614 ‘Achil-

107 639 199 700 leum'
219 640 329 702 Milesii
343 642 505 717 nominant,
518 645 609 725 inque
621 665 658 708 oo
670 644 827 706 lustratum
842 646 961 707 heroem
976 666 1074 708 rumor
1094 649 1198 721 munit,

105 755 170 796 cum
185 737 382 798 Strambelum
394 738 563 811 Telamonis
576 743 667 803 fllium
682 742 795 803 Lesbiis
818 743 958 803 auxilium
981 744 1123 804 ferentem
1145 763 1199 824 op·

106 834 268 912 pressisset.
310 837 360 896 25.
382 836 472 915 Apud
487 837 619 899 Milesios
635 837 774 919 Didymei
787 838 932 918 Apollinis
946 839 1097 900 oraculum
1111 847 1199 912 erut,¹

106 928 212 990 divitiis
224 929 362 1010 famaque
384 930 508 992 celebre.
550 932 586 992 ld
607 943 669 995 tum
688 933 842 1006 Seleucus,
865 936 949 1014 cujus
974 937 1108 996 maximas
1130 947 1199 1016 post

105 1026 302 1086 Alexandrum
318 1045 391 1106 opes
410 1028 504 1100 suere,
520 1027 558 1088 de
571 1027 669 1089 reditu
681 1030 712 1089 in
728 1027 937 1090 Macedoniarn
950 1030 1138 1092 consuluisse
1153 1030 1199 1092 di·

104 1123 201 1194 citur,¹
216 1134 247 1182 et
266 1141 440 1201 responsum
461 1126 623 1204 accepisse,
644 1133 706 1199 ‘ut‚
730 1126 849 1205 Europe
870 1126 967 1186 volere
983 1126 1079 1204 jussa,
1097 1127 1199 1188 Asiam

102 1217 363 1296 complecteretur!
403 1222 455 1280 26.
476 1221 566 1281 Aliud
586 1221 712 1282 subinde
731 1221 905 1282 miraculum
923 1221 1069 1284 atlentum
1094 1222 1198 1284 habuit

101 1333 212 1393 regem,
224 1316 310 1395 cujus
325 1298 474 1376 curiosum
487 1316 651 1396 ingenium,
665 1330 696 1378 et
709 1317 912 1398 cognoscendi
925 1318 1056 1392 avidum,
1067 1319 1197 1380 novitate

100 1429 195 1471 rerum
217 1413 287 1471 mire
300 1412 492 1474 afficiebatur.
514 1416 673 1476 ‘Amatum
686 1435 705 1474 s
718 1414 858 1494 delphine
880 1433 1002 1494 puerum
1017 1433 1054 1475 es
1069 1414 1194 1488 Iasso,'¹

99 1506 181 1585 quod
204 1507 285 1567 haud
306 1509 409 1588 procul
429 1509 535 1570 Mileto
549 1512 580 1570 in
594 1511 693 1572 insula
705 1511 793 1572 situm
807 1509 947 1590 oppidum
961 1521 1018 1583 est,
1032 1525 1196 1592 acceperat,

97 1604 239 1684 ‘ejusque
254 1624 356 1665 vocem
369 1607 527 1685 agnovisse
541 1609 663 1687 piscem,
683 1621 715 1669 et
728 1609 846 1687 quoties
859 1619 1041 1682 evocaretur,
1056 1611 1122 1671 vehi
1143 1631 1195 1672 cu·

97 1700 229 1778 pientom
251 1701 401 1780 excepisse
416 1700 527 1761 dorso!
569 1704 662 1782 Igitur
685 1715 802 1783 gratum
826 1715 1039 1784 acceptumque
1053 1707 1194 1786 Neptuno

97 1795 246 1856 hominem
259 1797 471 1876 interpretatus
486 1818 548 1868 rex,
563 1797 730 1859 sacerdotio
744 1799 807 1878 ejus
823 1799 880 1859 Dei
893 1800 976 1859 illum
990 1801 1133 1879 praefecit.

75 1938 82 1951 .
137 1892 223 1953 Vlll.
262 1897 287 1953 l.
314 1894 472 1975 Occupato
491 1895 572 1954 hunc
586 1895 615 1954 in
629 1894 749 1956 modurn
763 1895 878 1967 Mileto,
893 1915 960 1956 cunt
975 1896 1073 1958 adhuc
1088 1898 1193 1958 barba-

94 2007 194 2047 rorum
213 2009 370 2050 numerosa
381 1989 488 2051 classis
510 1991 541 2050 in
561 1992 634 2052 mari
647 2003 815 2070 vagaretur,
830 2002 860 2052 et
873 1991 983 2053 fiducia
997 1993 1193 2054 multitudiuis

94 2105 169 2156 snoe,
184 2086 323 2166 quodque
338 2086 442 2166 peritia
462 2089 504 2147 rei
519 2089 647 2148 nauticae
662 2085 846 2147 Macedonas
863 2087 998 2160 anteiret,
1019 2088 1135 2148 hostem
1156 2087 1196 2148 ad

93 2180 201 2240 nasale
214 2181 347 2260 praelium
360 2194 543 2263 provocaret,
563 2185 660 2263 obque
679 2186 777 2263 ipsum
799 2183 879 2243 urbis
903 2195 1032 2263 portum,
1054 2183 1084 2242 in
1106 2203 1194 2262 quem

92 2295 187 2337 nores
201 2298 271 2339 snas
284 2279 450 2341 abduxerat
462 2299 524 2352 rex,
546 2281 714 2359 frequenter
728 2279 949 2350 obversaretur:
975 2283 1004 2339 2.
1024 2278 1195 2340 Alexander

91 2373 243 2435 Philotam
257 2395 325 2437 cum
339 2378 473 2456 equitatu
487 2390 518 2436 et
531 2377 625 2437 tribus
646 2375 780 2456 peditum
801 2376 971 2436 cohortibus
993 2375 1031 2435 ad
1054 2375 1194 2455 Mycalen

90 2481 225 2531 montem
245 2472 345 2545 mittit,
365 2473 416 2532 uhi
440 2473 623 2534 Persicorum
640 2473 760 2534 narium
774 2471 864 2533 statio
878 2481 951 2544 erat,
967 2481 1000 2532 ut
1014 2471 1193 2533 exscendere
1301 2490 1306 2498 ·

91 2566 227 2628 volentes
238 2579 445 2640 summoveret,
459 2587 556 2647 neque
570 2570 673 2649 aquari
684 2569 837 2648 lignarire,
849 2579 902 2630 aut
913 2577 1012 2628 cetera
1025 2569 1194 2628 necessaria

92 2673 319 2742 eterropetere,
332 2664 523 2743 permitteret.
544 2667 573 2725 3.
585 2665 630 2725 Ea
638 2683 685 2725 res
695 2665 837 2726 barbaros
848 2664 878 2723 in
889 2665 1031 2726 maximas
1041 2665 1194 2742 angustias

90 2757 240 2838 conjecit:
260 2760 391 2821 obsessis
416 2759 527 2820 similes
552 2760 705 2820 horrebant
727 2759 758 2818 in
782 2770 880 2840 portu,
902 2779 998 2838 neque
1023 2769 1130 2820 terrum
1144 2757 1193 2819 ubi

90 2853 231 2915 volebant
240 2875 358 2935 capere,
371 2867 424 2916 aut
438 2856 613 2916 necessariis
627 2857 715 2915 rebus
727 2854 817 2926 refici,
831 2867 986 2934 poterantt
1009 2855 1108 2933 itaque
1121 2875 1193 2916 cou-

91 2950 158 3010 silio
171 2951 284 3023 habito,
300 2953 421 3011 Samum
438 2959 608 3012 averterunt
621 2955 763 3021 cursum:
784 2944 935 3030 petitoque
953 2951 1023 3011 iude
1046 2970 1193 3012 commes-

89 3059 134 3119 tu,
148 3046 287 3109 Miletum
302 3049 412 3108 revecti
426 3059 495 3109 ante
510 3048 619 3111 ostium
629 3060 732 3128 portus
747 3047 892 3107 instructa
906 3046 968 3108 acie
981 3048 1190 3108 constiterunt.

91 3147 120 3203 4.
143 3144 223 3204 luter
235 3145 315 3217 hoec,
333 3147 462 3223 quinque
472 3143 631 3205 Persarum
649 3161 740 3205 naves
754 3143 879 3222 inportu
894 3141 1034 3222 quodam,
1049 3144 1099 3223 qui
1114 3143 1190 3203 inter

89 3259 212 3318 parram
224 3240 307 3300 illam
320 3239 459 3313 insulam,
470 3239 508 3300 de
519 3258 579 3318 qua
589 3258 679 3319 supra
689 3237 802 3299 dictum
817 3247 873 3310 est,
884 3248 914 3297 et
922 3239 1079 3298 stationem
1090 3239 1191 3300 Mace·

89 3334 205 3396 donicte
214 3334 446 3396 classismedius
454 3346 528 3406 erat,
538 3335 633 3395 mults
642 3334 773 3396 hostium
783 3333 1083 3413 narigiaconspicati,
1096 3334 1190 3413 plenis

91 3431 165 3491 velis
179 3451 215 3493 eo
228 3431 414 3492 ferebantur:
435 3450 504 3491 uam
517 3433 677 3492 maximnm
697 3431 844 3491 sociorum
863 3429 1012 3490 navalium
1025 3438 1138 3510 partem
1152 3432 1191 3492 ob

90 3527 188 3588 varios
200 3546 275 3588 usos
296 3528 403 3587 obesse
419 3525 624 3607 conjecerant3
645 3545 865 3605 sacrarumque
886 3525 1005 3586 narium
1018 3524 1099 3586 haud
1114 3526 1192 3587 diffi-

89 3624 177 3684 cilem
187 3624 412 3703 occupationem
426 3623 488 3683 iore
502 3623 730 3684 arbitrabantur.
771 3627 802 3682 6.
824 3623 864 3680 Ar
875 3640 937 3692 res,
951 3621 987 3680 iis
1000 3621 1051 3700 qui
1065 3621 1190 3683 aderant

91 3720 224 3781 oeleriter
235 3720 266 3780 in
286 3718 390 3780 docem
403 3718 535 3780 triremes
546 3719 702 3799 impositis,
715 3727 724 3755 ⁸
738 3717 855 3779 obviam
868 3718 910 3776 ire
922 3717 1058 3777 hostibus
1067 3716 1075 3741 ⁹
1084 3717 1190 3796 jubet:

92 3815 136 3875 illi
150 3827 212 3878 tum
224 3835 348 3876 numero
368 3815 499 3886 nerium,
513 3823 576 3876 turn
598 3814 752 3897 inopinata
765 3831 796 3874 rc
810 3811 964 3893 perterriti,
977 3832 1044 3874 cnm
1065 3813 1142 3872 ultro
1156 3832 1190 3873 se

91 3912 155 3991 peti
166 3911 372 3992 conspicerent
383 3912 422 3972 ab
435 3911 471 3972 iis
485 3931 561 3993 quos
582 3911 743 3991 imparatos
758 3907 926 3990 oppressuri
940 3918 1092 3982 reuerent,
1105 3919 1190 3992 terga

124 4097 137 4122 ¹
152 4089 292 4141 Athenon·
312 4103 346 4141 tt·
363 4094 390 4142 ο.
416 4089 573 4142 Parthenius
592 4089 620 4141 lu
691 4084 1000 4152 rspptsnsynmnn.

91 4161 212 4216 Erotieis.
691 4159 984 4212 ⁸Pnn.1.1.rx.s.1o.

126 4245 142 4272 ¹
155 4241 239 4294 Strsh.
248 4253 307 4292 sss.
319 4254 346 4306 p.
356 4243 415 4290 ou.
690 4245 703 4273 ⁸
718 4237 819 4291 amm.
834 4249 854 4288 t.
865 4239 907 4289 Ν.
