2925 4867
285 387 353 454 116
679 401 710 451 s.
734 395 982 451 rnsrnsuartrr

284 547 339 610 ilio
359 543 546 625 subjiciente,
563 547 654 622 ‘spes
666 541 685 602 :⁸
703 547 713 578 ‘
728 541 898 604 Eamudem
919 543 1012 623 ergo,'
1025 541 1154 624 iuquit,‘
1173 557 1204 607 et
1223 567 1279 608 nos
1293 547 1372 628 parti·

284 643 368 726 cipes
380 641 501 712 erimus,
514 637 567 720 qai
580 637 639 698 tuis
652 637 793 718 auspiciis
816 637 995 700 militamus!
1036 643 1064 700 6.
1087 639 1179 703 Pauci
1193 642 1275 704 hunc
1289 643 1371 706 menti

285 752 373 803 sunt:
394 757 447 819 per
465 746 581 798 ceteros
605 753 666 794 non
690 735 790 802 stetitt
822 735 894 816 quin
923 735 1130 815 interrogatus,
1155 739 1226 798 ‘ubi
1250 739 1370 800 thesauri

283 839 378 920 ipsius
399 831 541 904 esaent‚’'
558 849 627 892 sese
649 831 854 912 responderet,
883 831 986 912 ‘apud
1009 833 1141 894 amicos.’
1168 837 1210 896 ,2
1241 836 1320 896 Sane
1340 835 1369 895 tle
1449 851 1450 900 l

283 949 506 996 summaterum
519 925 684 1007 sleajscts,
698 946 759 988 uon
773 927 899 988 absurde
914 928 1078 998 collocasse
1088 929 1205 990 videtur
1218 949 1291 1012 opes
1305 951 1368 1012 quas

282 1030 432 1092 habehat:
452 1023 735 1106 quippeautsictor
755 1024 849 1084 multo
862 1023 986 1104 majores
1006 1025 1165 1106 adepturus
1186 1039 1269 1096 erate
1290 1029 1367 1091 satsi

281 1127 379 1188 victus
399 1135 491 1196 esset,
509 1123 569 1182 ists
587 1139 706 1202 quoque
731 1121 910 1183 emissurus:
938 1132 1026 1203 atque
1050 1123 1164 1183 interim
1188 1123 1367 1184 alacrion'bus

280 1222 422 1284 ministris
446 1221 603 1280 utebatur:
639 1221 669 1280 8.
698 1237 796 1298 neque
825 1220 949 1280 multum
976 1218 1156 1279 abscedebat
1181 1219 1365 1298 presentibus

279 1316 516 1388 necessitatibus,
540 1332 608 1375 cum
630 1333 718 1393 agros
746 1324 777 1375 et
803 1313 925 1394 praedia,
953 1325 984 1374 et
1010 1314 1133 1386 reditus,
1160 1333 1286 1393 quornm
1313 1315 1366 1376 dies

278 1417 373 1478 multo
398 1425 466 1495 post
478 1411 595 1474 venturi
619 1421 715 1484 erant,
728 1409 873 1472 donaret:
895 1412 1066 1491 pecuniale
1085 1409 1155 1470 belli
1179 1429 1267 1472 usum
1291 1431 1366 1492 sepo·

277 1511 346 1584 sita,
374 1511 460 1591 cujus
486 1521 600 1588 quanto
627 1508 723 1580 minor
748 1507 835 1589 copia
859 1519 933 1582 erat,
956 1507 1128 1588 diligentius
1152 1507 1366 1570 administraba-

277 1621 336 1670 tur.
368 1611 400 1670 9.
414 1607 533 1688 Quippe
547 1605 686 1686 Philippo
698 1606 867 1680 interiecto,
877 1607 975 1666 minus
985 1606 1142 1686 sexaginta
1152 1606 1271 1668 talentis
1286 1627 1364 1688 pecu·

274 1706 334 1766 nisa
354 1705 492 1785 signatae,
513 1719 669 1782 paucaque
690 1719 729 1760 ex
751 1720 824 1763 auro
848 1713 878 1762 et
899 1711 1021 1782 argento
1043 1702 1152 1784 pocula
1174 1702 1202 1760 in
1227 1703 1364 1764 thesauris

273 1801 339 1881 ejus
353 1811 471 1882 reperta
484 1809 598 1858 suntet
617 1816 685 1858 cum
706 1799 773 1858 oeris
794 1799 882 1859 alieni
897 1801 1058 1878 quingenta
1082 1799 1171 1859 ferme
1196 1800 1307 1860 talenta
1325 1817 1363 1859 re·

271 1895 428 1978 linqueret.
470 1897 519 1954 10.
540 1895 719 1974 Quanquam
734 1893 812 1955 enim
827 1895 883 1956 iste
896 1915 957 1956 rem
969 1894 1193 1956 Macedonicam
1207 1895 1362 1975 insignibus

270 1991 461 2054 incrementis
479 1988 624 2062 auxisset,
643 1991 707 2050 euri
726 2009 845 2071 quoque
865 1991 992 2052 metallis
1014 1991 1094 2072 apud
1116 1989 1362 2073 Crenidas¹(ipse

273 2089 427 2170 Philippos
442 2085 615 2170 appellavit)
628 2085 670 2145 ita
682 2085 820 2158 excultis,
835 2097 869 2146 ut
889 2086 958 2148 inda
973 2087 1051 2148 mille
1066 2087 1178 2148 talenta
1197 2089 1287 2148 annui
1302 2107 1362 2168 pro-

269 2197 376 2248 ventus
405 2194 601 2264 cogerentur:
623 2182 774 2242 continuis
800 2182 895 2256 bellis,
918 2203 1015 2264 neque
1039 2183 1134 2244 minua
1157 2183 1362 2262 largitionibus,

268 2283 405 2346 serarlsuu
419 2280 605 2340 exhauserat.
651 2281 699 2338 11.
722 2279 911 2338 Macedoniae
932 2281 1023 2340 etiarn
1046 2279 1246 2340 instaurandae
1261 2299 1362 2341 oman·

269 2377 379 2456 deque
406 2393 532 2454 magnos
561 2379 676 2432 sumtus
702 2371 822 2444 lecerat,
850 2393 919 2433 cum
947 2379 1158 2456 pauperrimam
1193 2377 1361 2457 accepisset.
1449 2403 1450 2429 i

266 2473 369 2554 ipsum
390 2471 466 2530 inter
486 2468 572 2529 initia
593 2467 677 2545 regni
699 2483 817 2526 tenuem
843 2468 946 2541 fuisse,
960 2482 1071 2532 etcum
1094 2491 1131 2532 ex
1153 2473 1362 2553 quinquaginta

264 2567 412 2630 drachmis
428 2565 491 2626 auri
515 2561 655 2642 poculum
675 2559 817 2634 haberet,¹
831 2561 860 2621 id
876 2566 1008 2628 cubitum
1034 2577 1151 2628 euntem
1165 2569 1252 2648 capiti
1268 2570 1362 2650 subje·
1448 2595 1449 2598 ¹

262 2665 341 2730 cisse
354 2662 487 2743 plerique
499 2657 706 2719 meminerant.
752 2657 799 2715 12.
821 2656 918 2736 Hujus
938 2681 1010 2742 ergo
1033 2664 1110 2724 filius
1125 2664 1202 2725 bello
1217 2664 1361 2726 lacessivit

260 2779 362 2842 segem
386 2758 555 2824 Persarum,
568 2751 615 2811 cui
639 2767 775 2809 somnum
802 2753 930 2832 capienti
951 2753 1083 2839 quinque
1106 2759 1279 2821 talentorum
1300 2761 1360 2822 suri

259 2855 353 2920 millis
366 2871 420 2933 pro
433 2838 594 2918 cervicati}
608 2846 665 2905 tria
681 2846 796 2924 argenti
813 2867 867 2928 pro
882 2853 1026 2930 scabello,
1041 2857 1097 2916 sub
1109 2857 1203 2936 capite
1223 2856 1361 2938 pedihus·

258 2971 318 3034 que
333 2947 445 3015 lectuli,
459 2943 657 3026 peculiarrhus
671 2942 814 3004 cubiculis
837 2949 1052 3012 servabantur:
1073 2971 1240 3032 quenquam
1255 2954 1294 3014 ad
1309 2973 1361 3035 pa-
1446 2997 1447 3039 q

259 3061 376 3111 ternum
396 3060 440 3106 tes
459 3039 589 3102 alienum
612 3038 786 3116 octingenta
805 3041 927 3122 insuper
951 3046 1083 3121 talenta,¹
1095 3068 1161 3127 quae
1181 3049 1245 3128 ipae
1259 3063 1360 3112 mutuo

257 3149 415 3214 sumserat,
429 3135 605 3216 adjecisset:
626 3135 786 3213 exquibus
801 3137 850 3198 rix
865 3139 981 3202 decima
994 3144 1091 3226 portio
1105 3155 1264 3224 supererat.
1313 3149 1359 3208 13.

256 3239 388 3304 floisisse
402 3244 502 3296 sutem
515 3231 623 3294 dicitur
635 3231 793 3294 Timotheo
805 3235 884 3296 tibiis
897 3239 1104 3314 concinente·
1119 3259 1291 3320 summaque
1306 3243 1359 3302 mi-

254 3339 341 3402 iitum
365 3330 529 3400 alacritate.
542 3347 616 3410 opes
637 3328 828 3390 barbarorum
849 3352 925 3411 quos
949 3347 1154 3416 oppugnatum
1179 3337 1263 3410 irent,
1277 3350 1359 3400 certe

256 3433 366 3496 iiducia
389 3429 446 3490 sibi
465 3425 705 3489 destinmtium?
750 3427 796 3484 14.
820 3427 886 3488 Hoc
905 3430 995 3492 modo
1019 3451 1071 3512 per
1094 3431 1214 3505 lacum,⁰
1233 3452 1360 3512 querna

253 3529 341 3592 sicini
362 3526 471 3587 montis
494 3521 613 3608 nornine
636 3520 979 3602 ‘Cerciniten’socant,
994 3528 1044 3587 ubi
1067 3529 1195 3589 classem
1217 3529 1358 3604 habehat,

251 3629 282 3692 in
297 3627 484 3706 Strymonem
499 3621 647 3690 insectus,
660 3617 864 3698 Amphipolin,
880 3633 910 3682 et
925 3623 1032 3684 deinde
1047 3624 1085 3685 ed
1100 3624 1177 3684 ostia
1190 3625 1359 3706 Strymonis

250 3719 413 3808 processit:
434 3736 495 3796 quo
509 3714 643 3795 trajecto,
654 3725 761 3793 prater
775 3727 905 3778 montem
921 3719 1095 3801 Pangerum,
1106 3723 1183 3782 viam
1198 3722 1357 3802 ingressas

283 3911 293 3948 s
305 3909 435 3964 Ammlsn.
448 3905 534 3957 Mare.
546 3915 613 3954 xxv.
622 3906 662 3954 rt.
855 3907 863 3941 ¹
880 3908 982 3960 Arriae.
992 3911 1009 3962 1.
1024 3911 1316 3978 t.1‘tut.ntex.p.ose.

318 3985 415 4036 ²riso.
430 3997 480 4034 sss.
495 3985 520 4032 1.
855 3989 873 4017 ¹¹
890 3985 1021 4036 Himerius
1033 3987 1102 4051 apud
1114 3989 1245 4042 Photium.

374 4059 391 4110 t.
401 4072 459 4109 sss.
470 4073 497 4122 p.
506 4059 563 4106 ott.
853 4063 864 4090 ¹²
881 4060 981 4112 lustin.
993 4075 1032 4112 ss.
1042 4068 1067 4110 ⁶.
1080 4065 1103 4112 8.

393 4149 446 4186 eus
459 4147 500 4184 ss.
516 4137 556 4183 ts.
570 4137 599 4182 et
610 4143 647 4180 st.
656 4133 681 4180 t.
851 4142 863 4167 ·
881 4137 984 4190 Arriae.
996 4152 1015 4190 r.
1028 4142 1067 4188 tr.

413 4209 420 4222 Ι

397 4226 413 4264 r.
421 4214 447 4263 1.
