2925 4867
212 361 277 430 1³2
612 381 642 431 r.
667 381 921 432 ranrrasrrarrrr
993 397 997 402 ·

216 532 268 581 ant
279 521 310 580 in
323 522 486 602 proximam
500 520 597 583 lucem
611 521 650 583 de
664 542 700 583 eo
712 522 889 584 certandum
903 521 990 583 esse!
1023 521 1068 582 16.
1091 519 1151 582 Sed
1167 521 1219 601 qui
1233 522 1261 580 in
1275 519 1315 582 ci·
1441 548 1447 558 ·

216 620 305 677 vitate
329 629 426 690 erant,
450 619 576 698 primum
604 619 808 680 invadentium
836 621 977 699 impetum
1001 617 1112 678 lortiter
1135 616 1315 678 retuderunt,

213 716 300 774 casis
314 715 389 774 inter
403 715 476 774 alios
490 715 607 774 duobus
620 715 784 776 Hellanicus
800 717 878 786 liliis,
890 735 958 794 quoe
973 715 1070 776 nutrix
1082 711 1244 774 Alexandri
1255 713 1316 772 lue·

212 820 270 882 rat,
284 821 315 870 et
329 809 466 882 Clitum:
487 814 538 890 qui
562 824 764 891 regenerante
784 813 921 872 eximium
944 810 1037 872 decus
1061 809 1176 879 meruit,
1195 809 1314 868 fratrem

212 905 351 966 babebat.
397 909 442 968 17.
464 906 525 968 Sed
538 927 607 968 cum
621 909 722 968 dolore
737 909 838 987 iraque
853 907 965 969 incensi
980 905 1082 966 hostes
1096 903 1243 964 machinis
1262 903 1315 962 ad·

214 1001 303 1062 motis
316 1021 455 1082 maguam
469 1022 617 1064 marorum
631 1015 744 1084 partem
767 1003 957 1082 dejecissent,
974 1001 1096 1082 jamque
1117 999 1148 1059 in
1173 998 1313 1079 oppidum

212 1097 352 1180 irrupturi
375 1098 554 1173 viderentur,
577 1102 806 1181 conspectirque
825 1101 955 1180 inportu
977 1096 1178 1158 Macedonum
1191 1093 1314 1154 triremi-

212 1195 281 1266 bus,
307 1213 401 1256 novus
423 1205 517 1256 terror
536 1198 702 1276 ingrueretr
724 1215 793 1276 pars
812 1197 929 1256 scutia⁹
950 1181 1126 1255 incubaltes
1148 1193 1179 1251 in
1195 1209 1313 1270 parram

212 1289 341 1352 insulam
356 1291 421 1352 urbi
434 1292 618 1372 objacentem
629 1301 834 1364 enataverunt,
850 1291 900 1352 alii
915 1289 1034 1371 scaphis
1047 1289 1234 1362 nonacensis,
1248 1305 1313 1372 eum

212 1385 293 1450 idern
315 1385 499 1461 molirentur,
524 1389 555 1448 iu
580 1389 646 1469 ipso
667 1399 770 1469 portur
792 1386 874 1448 aditu
888 1389 926 1448 ab
939 1387 1068 1448 hostium
1083 1384 1210 1464 navigiis
1223 1386 1313 1444 inter·

210 1483 292 1562 cepti
310 1493 393 1543 runt.
437 1485 486 1544 18.
505 1482 684 1556 Alexander,
705 1481 816 1564 oppido
830 1483 860 1543 in
874 1493 1052 1564 potestatem
1065 1481 1197 1552 redacto,
1211 1493 1314 1541 contra

212 1597 264 1639 eos
286 1581 337 1659 qui
359 1579 487 1641 insulam
508 1582 650 1642 tenebant
666 1599 758 1640 nares
777 1577 907 1660 expediri
930 1579 1032 1659 jussit,
1048 1578 1154 1659 quibus
1168 1577 1312 1658 impositae

213 1675 308 1751 proris
323 1673 413 1735 scalae
423 1675 602 1750 serebantur,
614 1686 649 1735 ut
661 1675 691 1735 in
706 1676 862 1757 abruptam
876 1675 982 1735 insulae
996 1693 1089 1746 oram,
1104 1673 1230 1734 velutin
1253 1692 1314 1732 mu·

214 1786 264 1827 ros
277 1769 392 1832 hostilis
406 1771 519 1852 oppidi,
531 1771 754 1832 transcenderet
766 1771 861 1832 miles.
907 1773 954 1831 19.
975 1771 1016 1832 At
1033 1788 1100 1830 cum
1118 1768 1313 1830 mercenarios

214 1862 349 1940 Graecos,
364 1866 414 1945 qui
427 1884 463 1926 eo
477 1867 683 1946 confugerant,
698 1867 831 1946 quamvis
846 1865 926 1928 haud
936 1867 1035 1947 plures
1049 1866 1188 1926 trecentis
1202 1877 1315 1936 essent,
1441 1910 1445 1919 .

212 1956 318 2020 ultima
327 1961 389 2040 pati
402 1973 522 2044 paratos
536 1962 730 2042 conspiceret,
751 1963 887 2025 misertus
913 1965 1038 2024 uirorum
1059 1961 1191 2036 toruum,
1215 1973 1246 2022 et
1265 1963 1314 2041 qui

211 2075 266 2136 pro
286 2056 345 2120 fide
366 2059 396 2117 in
417 2079 481 2131 eoa,
496 2078 515 2119 a
528 2060 633 2139 quibus
646 2059 788 2121 conducti
802 2070 896 2131 erant,
911 2059 991 2120 band
1006 2060 1108 2139 procul
1123 2060 1215 2121 exitio
1228 2061 1313 2119 abes-

212 2162 290 2225 sent,
313 2153 349 2213 iis
372 2155 514 2235 pepercit,
535 2165 566 2216 et
583 2161 705 2216 ‘secum
728 2155 870 2218 militare’
887 2155 1003 2236 jussits
1042 2157 1092 2217 20.
1114 2155 1262 2216 Rarbaros
1282 2155 1312 2214 in

213 2249 286 2308 urbe
297 2247 498 2330 deprehensos
511 2252 541 2310 iu
556 2251 725 2312 servitutem
740 2251 870 2334 redegit:
887 2251 1022 2324 Milesiis,
1031 2251 1081 2332 qui
1096 2251 1314 2331 superfuerant,

214 2345 380 2404 libertatem
394 2345 533 2418 restitnit,
547 2348 586 2406 ob
599 2360 726 2409 veterem
742 2349 822 2409 urbis
836 2348 980 2428 gloriam.¹
1018 2348 1145 2410 Tantum
1159 2349 1240 2408 eninr
1259 2349 1313 2409 ali·

213 2441 334 2521 quando
348 2441 453 2522 opibus
472 2443 625 2524 gloriaque
644 2443 767 2506 Miletus
791 2444 940 2518 floruerat,
968 2455 1002 2504 ut
1025 2463 1078 2525 per
1099 2443 1199 2504 vicina
1222 2447 1315 2505 maris

214 2556 303 2616 supra
318 2537 508 2619 septuaginta
521 2538 655 2601 colonias
669 2539 854 2602 deduxeritr'
890 2543 939 2600 21.
954 2540 1055 2601 multis
1066 2559 1185 2621 quoque
1197 2541 1314 2602 civibus

97 2625 102 2644 '
214 2635 334 2709 nobilis,
348 2636 398 2717 qui
412 2636 441 2694 in
458 2636 550 2696 sacris
562 2638 773 2698 certaminibus
787 2638 915 2717 palmam
930 2637 1037 2717 adepti,
1061 2636 1165 2716 patries
1187 2638 1314 2698 celebri·

211 2739 304 2789 tatem
318 2743 479 2792 auxerant:
494 2749 562 2792 nam
575 2731 723 2811 ejusmodi
736 2733 877 2807 victoriae,
890 2751 970 2794 more
983 2731 1113 2813 quodam
1127 2731 1316 2806 Graecomm,

212 2827 288 2886 inter
300 2825 395 2904 prima
409 2824 523 2887 rimatis
537 2827 646 2889 decora
656 2839 805 2890 censetur.
837 2831 887 2890 22.
909 2830 943 2888 lu
958 2847 1043 2909 quem
1050 2829 1169 2908 jocatus
1185 2829 1319 2890 Alexan-

212 2921 275 2993 der,
289 2939 399 3001 magna
411 2922 599 2985 multitudine
614 2936 777 2985 statuarum
796 2925 977 3004 conspecta,'
996 2925 1073 2984 ‘Ubi
1088 2934 1173 2985 erant
1187 2923 1320 2987 istorum

211 3015 334 3089 lacerti'
346 3016 452 3097 inquit,
467 3025 553 3078 ‘com
568 3019 724 3081 Persarum
730 3020 837 3100 jugum
851 3019 1024 3100 recepistis?
1035 3020 1042 3046 '
1055 3021 1165 3100 quippe
1182 3021 1225 3080 uir
1240 3033 1322 3082 stre-

211 3131 301 3186 nuus,
314 3122 345 3173 et
358 3113 396 3172 ad
411 3113 540 3174 bellandi
555 3135 643 3175 nsum
656 3124 765 3176 cuncta
779 3115 918 3187 referens,
929 3115 1156 3194 ignominiosum
1170 3115 1323 3190 ducebat,

211 3207 344 3268 debitum
366 3209 448 3269 seriis
472 3212 680 3272 certaminibus
703 3213 803 3284 robur,
826 3210 865 3270 ad
889 3211 1071 3290 voluptatem
1094 3209 1197 3270 inertis
1219 3213 1328 3291 vulgi,

210 3303 290 3363 inani
305 3305 501 3366 ostentatione
515 3323 698 3367 consumere.
741 3309 789 3366 23.
812 3308 928 3366 Interea
942 3306 1060 3380 milites,
1074 3307 1145 3385 quia
1158 3306 1187 3364 ri
1209 3306 1329 3370 introi-

210 3412 273 3459 tum
297 3411 371 3471 erat,
395 3401 482 3460 obuia
505 3420 632 3481 quaeque
656 3401 839 3482 diripientes,
862 3400 900 3460 ad
924 3401 1026 3462 lanum
1041 3400 1157 3462 Cereris
1168 3419 1332 3481 perrene-

209 3504 278 3556 rant
290 3501 317 3554 :¹
344 3496 424 3587 quod
446 3516 514 3556 cunr
539 3497 729 3577 exspoliaturi
746 3497 865 3577 quidem
880 3497 1063 3577 irrupissent,
1075 3497 1153 3576 ignis
1167 3517 1205 3558 ex
1217 3517 1336 3578 pene.

210 3592 335 3652 tralibus
353 3591 428 3651 aedis
451 3601 572 3670 repente
584 3594 715 3653 emicans
730 3593 939 3673 sacrilegorum
954 3593 1057 3654 oculos
1080 3592 1213 3654 extinxit.
1256 3598 1336 3662 24.

211 3688 270 3748 llic
283 3688 371 3746 etiam
387 3688 606 3766 progenitorum
615 3707 734 3750 suorum
745 3698 935 3751 monumenta
948 3688 1116 3750 Alexander
1129 3691 1246 3769 reperit,
1267 3692 1340 3755 in-

212 3793 316 3864 specto
338 3782 430 3853 sonte,
452 3782 537 3861 cnjus
553 3802 633 3863 aqna
646 3803 681 3844 err
695 3785 761 3865 ipso
776 3784 962 3865 scaturiginis
976 3785 1061 3846 labro
1072 3785 1181 3846 hausta
1194 3785 1344 3856 salsum

242 3980 486 4032 acarnanum.
811 3983 1030 4048 warunnam.
1057 3983 1278 4036 pitanaeus.

242 4055 457 4107 interamnae.
686 4097 696 4118 .
775 4074 784 4086 ·
810 4059 1137 4126 ῑΡΙιιι.ΑρορΙιιὴ.ο.87.

243 4138 255 4172 a
273 4131 314 4181 ld.
326 4133 372 4181 nt
808 4146 821 4171 ¹
838 4137 927 4188 Vates.
941 4137 1012 4188 Mas.
1023 4150 1040 4187 1.
1054 4141 1077 4187 1.
1096 4136 1201 4188 Extern.
1211 4137 1247 4184 5.

242 4213 252 4241 ²
267 4204 370 4258 Arrisu.
382 4210 399 4258 l.
412 4209 430 4258 Ι.
456 4208 533 4260 Diod.
545 4221 615 4259 xvrr.
627 4211 719 4272 ΜΝ.
