2925 4867
538 391 760 447 rnomnrrnn.
1152 384 1197 449 lo

107 530 161 599 Ex
173 536 385 600 versionibus
397 536 609 602 Germanicis
621 538 800 603 maximnm
811 539 944 606 laudem
955 539 1084 620 meruit,
1096 558 1196 625 quam

106 634 209 699 edidit
222 633 381 719 Ostertag
395 634 482 699 Frsti
497 634 550 699 od.
567 653 606 700 ιι.
621 638 717 703 1799.
731 635 810 703 Vol.
826 654 867 701 rr.

149 735 203 800 De
222 754 325 818 opera
347 737 583 819 qualicumque
604 758 680 803 meu·
701 737 765 802 hoc
788 758 926 806 moneo:
948 738 1095 805 Textum
1118 742 1198 807 dedi

107 832 690 918 Freinshemio·Snakenburgianum,
709 836 770 901 sed
795 840 999 921 recognitum
1024 842 1197 907 simultis

104 934 202 1013 locis,
221 942 262 999 ut
285 956 396 1019 spero,
420 954 465 1001 ex
488 935 595 1001 Codd.
618 956 694 1002 cum
717 937 943 1021 reliquiorum
957 938 1142 1005 'fheocreni
1156 958 1197 1006 ac

105 1034 293 1101 Bodleiano
310 1038 480 1120 alteroque
506 1035 691 1101 oxoniensi
714 1037 936 1103 emendatum.
978 1039 1067 1117 Qum
1081 1059 1198 1107 veroa

104 1134 235 1217 uulgari
246 1152 310 1199 usu
320 1141 443 1199 temere
453 1133 607 1200 recedere
617 1136 825 1215 videbantur,
839 1144 876 1203 ut
889 1138 1069 1222 ‘urguere'
1083 1143 1095 1176 ‘
1104 1137 1198 1219 arte,'

105 1254 168 1319 pro
184 1234 337 1316 ‘ungero’
351 1234 483 1314 ‘arcta’
497 1241 532 1302 el
550 1236 686 1314 similia,
706 1236 820 1302 recudi
838 1237 943 1302 nolui.
985 1236 1055 1317 [Ad
1070 1240 1198 1305 calcem

103 1333 254 1423 pagium]
268 1333 490 1419 Olympiadas
505 1342 542 1401 et
556 1355 705 1402 annosa.
721 1335 799 1400 Chr.
814 1356 847 1400 u.
862 1338 1024 1421 ascripsi3
1047 1338 1198 1407 Iudicem

72 1472 75 1483 ·
104 1454 240 1522 quoque
263 1437 429 1500 nominum
456 1438 665 1521 propriorum
695 1436 819 1521 adjeci.
862 1436 1026 1522 Mappam
1050 1437 1199 1522 Geogra·

103 1538 253 1621 plricam,
267 1554 334 1619 qua
348 1535 492 1619 pretium
505 1537 592 1614 libri,
614 1532 803 1601 scholarum
822 1537 969 1602 maxime
989 1538 1068 1601 usui
1089 1538 1200 1623 desig·

103 1636 190 1715 nati,
214 1643 349 1701 auctum
363 1636 494 1716 luisset,
513 1637 550 1714 ii,
573 1638 629 1721 qui
648 1636 781 1719 copiam
800 1655 997 1719 mapparum
1017 1636 1199 1704 nouissime

103 1736 220 1803 studio
244 1735 347 1801 Orbis
362 1735 502 1820 Antiqui
518 1735 703 1802 dicatarum
717 1744 850 1815 norunt,
871 1755 940 1801 non
955 1737 1199 1804 desiderabunt.

103 1837 260 1903 Getarum
274 1856 403 1902 omnem
416 1856 552 1921 operam
574 1832 664 1916 dedi,
686 1843 724 1903 nt
737 1836 891 1902 Curtium
913 1835 1086 1920 diligenter
1099 1837 1200 1902 inter·

103 1943 266 2023 pretarer,
299 1937 436 2002 omissis
467 1944 589 2017 lamen,
617 1958 693 2021 quur
716 1934 819 2003 facile
847 1957 890 2001 ex
919 1938 1039 2020 quovis
1063 1937 1201 2001 meliore

105 2038 240 2103 lexico
262 2038 333 2121 peti
351 2038 500 2121 'possent
545 2036 759 2121 Quapropter
772 2037 986 2121 plurimarum
1002 2036 1200 2103 Lectionum

104 2136 321 2203 variantium
337 2142 371 2203 et
390 2138 567 2205 multarum
582 2137 858 2222 conjecturarum,
879 2136 967 2200 haud
980 2155 1062 2201 sane
1082 2155 1198 2201 ueces-

106 2238 282 2316 ειιίαιιιιιι,
304 2238 504 2303 mentionem
524 2238 688 2330 uonieci.
732 2236 821 2316 Quae
842 2256 885 2301 ex
905 2235 983 2300 aliis
996 2238 1200 2321 transcripsi,

106 2346 284 2406 auctorum
297 2340 577 2405 suorumnomina
591 2337 795 2423 praeierunt.v
826 2336 1014 2403 Plurimum
1037 2336 1144 2402 studii
1166 2339 1200 2404 iu

107 2429 341 2523 comparandis
354 2437 503 2522 reliquis,
517 2440 574 2521 qui
588 2438 631 2503 de
646 2436 838 2503 Alex'audro
852 2436 1064 2514 tradiderunt,
1080 2436 1200 2505 Histo-

107 2542 201 2617 ricis,
221 2544 389 2621 quutmus
412 2536 456 2602 ad
481 2536 630 2603 Cordum
655 2536 889 2619 explicandum
911 2536 1085 2621 juvabant,
1108 2544 1141 2601 et
1165 2540 1200 2605 iu

12 2688 15 2696 -
108 2639 279 2707 erroribus
302 2636 410 2701 Curtii
435 2635 621 2718 retegeudis
644 2636 827 2714 consumsi,
850 2642 898 2713 ut,
921 2636 1044 2717 quibus
1067 2656 1133 2700 nou
1147 2648 1215 2727 est·

112 2741 215 2826 copia
238 2738 477 2823 librorum,ex
500 2735 747 2801 Commentario
767 2737 899 2802 veriora
918 2742 1032 2819 petere
1055 2748 1200 2820 possent

110 2842 147 2907 Si
161 2857 242 2905 vero
268 2838 396 2920 passim
419 2854 583 2915 erravero,
608 2837 669 2901 riri
692 2836 783 2901 docti
804 2856 857 2902 me
881 2835 1049 2902 homiuem
1070 2857 1148 2905 esse
1164 2848 1201 2905 et

110 2941 196 3008 nihil
206 2938 349 3006 humani
365 2956 386 3003 a
400 2956 454 3002 me
469 2936 612 3003 alienam
631 2942 748 3022 putare
762 2938 974 3003 meminerint.
