2925 4867
336 346 465 396 surra.
489 347 530 397 ru
555 351 589 410 Q·
613 347 791 397 cunarum
815 349 887 396 nro.
910 351 955 398 ιι.
1128 333 1194 400 148

96 488 182 568 volgo
207 507 261 568 per
284 497 384 549 caetra
411 490 626 571 impudicorum
654 490 875 552 multitudinem
902 491 1013 562 haberi,
1034 495 1194 573 probrosos

97 603 193 644 oroneo
219 585 356 663 conquiri
376 585 476 664 juorit,
503 597 535 647 et
562 587 593 646 in
620 605 742 664 parvam
764 587 914 664 quandam
942 589 1084 649 Ceramici
1110 590 1194 651 rinna

97 680 217 742 insulam
230 680 381 760 seposuit:
402 682 549 762 hoeeitque
560 683 684 744 infamia
695 683 774 756 loco,
788 693 819 743 et
832 686 871 745 ob
888 685 952 764 ejus
966 685 1008 746 rei
1025 686 1194 746 memoriam

98 776 293 858 Cinaedopolis
308 777 497 858 appellator?

130 874 186 936 XI.
210 877 238 934 l.
259 873 371 934 Hioita
385 874 490 952 gestie,
508 874 651 936 insistens
674 877 800 937 coneilio
814 894 879 948 auo,
893 891 926 936 ut
948 877 1027 937 omni
1048 879 1194 940 maritima
1325 951 1327 962 ‚

97 990 143 1031 ora
154 971 287 1050 suijuris
308 971 416 1032 effecta
427 972 556 1034 cluerent
568 973 700 1034 boatium
719 973 852 1036 inutilem
867 975 1027 1050 redderet,⁸
1041 976 1193 1056 lipporuia

95 1069 226 1147 receptio,
244 1087 312 1146 quoe
338 1087 435 1129 arcem
460 1079 597 1130 tenentes
619 1071 791 1132 mercenarii
816 1071 1003 1146 dediderant,
1018 1073 1046 1132 in
1073 1072 1195 1153 Lyciam

95 1162 255 1224 contendit.
298 1167 328 1224 2.
350 1166 394 1224 lbi
408 1176 498 1246 pacta
510 1187 578 1227 cunr
591 1167 838 1229 Telmiraeneibua
860 1170 997 1243 amicitia,
1012 1169 1194 1248 Xanthoque

94 1259 210 1322 flumine
222 1261 408 1334 transmitto,
418 1263 625 1342 cognominem
637 1263 716 1324 amni
728 1265 840 1335 urbem,
852 1265 1020 1346 Pinaraque
1031 1278 1062 1325 et
1072 1265 1192 1336 Patara,

94 1361 202 1421 nobilia
213 1361 249 1420 iia
263 1357 432 1440 regionibus
448 1357 569 1439 oppida,
584 1379 652 1420 cum
666 1359 731 1420 aliia
753 1361 914 1422 minoribus
929 1362 1045 1422 circiter
1058 1363 1190 1441 triginta,

92 1456 121 1514 in
133 1457 223 1516 iidem
236 1456 361 1536 accipit:
380 1457 528 1534 rebusque
543 1457 619 1516 ratio
632 1456 663 1516 ‘ra
676 1476 810 1535 praeaena
818 1457 999 1537 compositis,
1013 1458 1042 1516 in
1059 1457 1195 1537 Myliada

93 1553 234 1630 procedit.
275 1556 306 1614 3.
327 1551 466 1632 Pbrygiae
488 1553 613 1632 Majorie
633 1555 730 1633 portio
746 1553 857 1634 Myliaa
872 1564 935 1624 eet;
958 1553 1011 1614 aed
1035 1553 1192 1614 Persarum

91 1649 209 1724 regibus
222 1649 375 1730 placuerat
387 1649 487 1730 Lyciae
500 1667 565 1708 eom
579 1650 749 1712 contribuit
790 1651 863 1711 Eam
874 1651 944 1710 dum
959 1651 1070 1731 recipit,
1083 1649 1193 1711 affuere

91 1743 306 1806 Phaselitamm
320 1745 422 1828 legati,
443 1746 601 1806 amicitiam
621 1757 751 1822 oranter,
766 1767 943 1828 aureamque
968 1767 1107 1808 eoronam
1122 1747 1196 1807 lrov

89 1842 178 1918 pitale
188 1841 300 1901 donum
314 1840 494 1902 afferebant:
515 1841 594 1902 idom
608 1845 750 1924 petebant
763 1845 920 1908 multarum
932 1845 1049 1906 urbium
1059 1854 1193 1904 oratores

90 1957 124 1996 ex
138 1937 276 1999 inferiore
299 1939 398 2018 Lycia.
438 1941 470 2000 «l.
492 1940 597 2019 ltaque
610 1958 674 2014 rex,
696 1941 858 2022 promissio
873 1941 981 2019 quibua
1004 1939 1115 2019 oppida
1137 1958 1193 1999 aun

88 2033 251 2095 Phaselitae
263 2035 403 2116 Lyciique
427 2034 588 2108 traderent,
608 2036 713 2117 paucio
740 2048 811 2118 poet
830 2036 937 2100 diebos
955 2035 1098 2097 Phaselim
1122 2053 1192 2114 pro·

87 2132 185 2193 lectur
213 2144 279 2194 eat:
299 2134 517 2212 oppugnabant
542 2132 584 2192 illi
613 2144 676 2194 turn
704 2133 832 2194 maxime
854 2133 986 2193 validum
1009 2131 1193 2212 praesidium,

84 2227 167 2307 qnod
191 2229 224 2288 in
248 2230 377 2309 ipsorum
400 2229 513 2291 ditione
535 2229 650 2290 Pioidoe
670 2239 908 2302 conotrnxerant,
929 2228 1098 2309 multaeque
1121 2227 1191 2288 inde

85 2323 214 2404 injuriae
238 2325 399 2386 intulerant
421 2325 553 2388 accolit:
573 2325 606 2386 id
629 2325 759 2387 adventu
779 2323 941 2386 Alexandri
968 2325 1049 2386 brevi
1070 2335 1189 2404 captum

83 2421 150 2484 init.
196 2426 226 2483 5.
247 2422 336 2503 Apud
358 2422 526 2483 Plraaelitar
550 2422 704 2502 plueculoe
725 2422 801 2494 dieo,
815 2431 849 2482 ut
872 2442 961 2501 reque
981 2435 1012 2482 et
1031 2421 1194 2481 exercitum

84 2520 232 2593 reliceret,
245 2518 337 2598 quieti
350 2517 434 2578 dedit
444 2525 464 2578 τ’
475 2518 619 2580 invitabat
628 2519 717 2579 etiam
731 2527 848 2598 tempor
857 2519 946 2586 anni3
968 2517 1077 2598 quippe
1092 2517 1191 2576 media

77 2617 142 2694 jam
158 2615 267 2697 hyeme
282 2613 417 2675 difficiles
442 2614 642 2696 progredienti
657 2616 723 2674 riae
736 2613 883 2675 effecerat.
926 2615 955 2673 6.
979 2614 1022 2672 Ibi
1043 2630 1095 2691 per
1117 2612 1192 2673 hila·

81 2713 206 2773 ritatem
219 2723 251 2772 et
266 2712 371 2792 epulae
386 2711 487 2772 laxato
511 2713 620 2784 animo,
634 2729 702 2772 cum
725 2720 854 2794 statuam
869 2707 1031 2769 Theodecti
1046 2728 1063 2767 a
1078 2708 1191 2769 civibus

81 2810 145 2868 auia
169 2809 203 2867 in
226 2807 290 2867 ioro
312 2807 438 2886 positam
456 2805 590 2878 vidisset,
611 2818 645 2867 ut
665 2824 685 2866 a
702 2815 788 2866 crena
812 2805 992 2866 temulentus
1015 2819 1192 2878 surrexerat,

81 2903 288 2964 nltabundue
302 2922 339 2964 eo
350 2901 507 2984 prooessit,
521 2899 751 2983 frequenterque
764 2902 791 2962 ei
805 2920 931 2962 coronas
950 2901 1073 2980 injecit.e
1113 2901 1190 2960 Nam

77 3002 291 3071 'llueodectem
305 3019 374 3060 cum
388 2999 578 3062 Aristotelem
598 3017 658 3059 uua
681 2998 808 3071 audiret,
821 2998 994 3058 familiarem
1015 3007 1191 3076 gratumque

78 3099 244 3159 habuerat.
287 3099 317 3158 7.
338 3096 398 3156 Sed
420 3095 532 3156 otioaoo
548 3094 690 3176 juvenilia
713 3095 803 3155 animi
826 3094 910 3154 luoua
925 3104 1008 3153 atrox
1033 3091 1192 3151 aParme-

76 3197 173 3256 nione
195 3193 322 3254 nuntior
334 3193 394 3253 cito
407 3190 559 3253 dimetrii.
600 3189 873 3272 Comprehenderat
886 3189 937 3249 ille
961 3187 1084 3248 Persam
1098 3206 1195 3265 quen-

77 3292 163 3366 dam,
179 3291 336 3351 Asiciuem
356 3287 487 3360 nornine,
507 3308 527 3348 a
539 3307 609 3368 rege
624 3288 718 3348 Dario
739 3288 838 3366 palam
862 3284 980 3366 qnidam
1003 3283 1041 3342 ad
1058 3282 1191 3363 Atyaiem

75 3389 230 3471 Phrygiae
258 3397 408 3465 ontrapant
430 3385 598 3454 miranma‘¹
618 3385 672 3446 red
699 3403 772 3444 com
794 3382 919 3443 occultis
946 3378 1105 3450 mandatis,
1134 3384 1193 3439 ‘ut

74 3483 294 3548 Alexandrum
305 3484 471 3563 Lyncesten
480 3493 601 3563 captata
610 3482 768 3542 occasione
778 3489 892 3542 secreto
903 3474 1083 3549 conveniret,
1094 3475 1191 3554 eique,

74 3587 100 3644 ri
125 3575 466 3653 damnanationem,
483 3569 672 3638 Macedonia
695 3595 819 3657 regnum
833 3586 864 3637 et
886 3572 966 3634 mille
986 3573 1109 3652 ineuper
1130 3571 1193 3630 auri

74 3681 200 3740 talenta
222 3675 432 3758 polliceretur?
472 3673 602 3760 ilgNanr
615 3674 652 3746 ia,
666 3692 734 3733 cnm
748 3673 879 3751 Amynta
897 3669 1053 3748 translnga
1066 3666 1194 3727 aceleeto

72 3777 215 3838 coneilio
241 3771 326 3845 inito,
340 3769 495 3832 occidendi
516 3769 594 3851 regis
607 3779 707 3849 parter
721 3766 780 3829 albi
799 3776 956 3828 sumserat.
999 3763 1112 3824 Oderat
1125 3779 1192 3822 eum

72 3885 138 3936 turo
154 3871 235 3934 aliie
250 3868 290 3929 de
303 3868 412 3940 monio,
432 3875 494 3927 tum
512 3852 595 3946 quod
618 3864 820 3926 Heromenem
840 3873 871 3922 et
892 3862 1074 3932 Armbaeurm
1087 3859 1203 3918 iratres·
1274 3862 1277 3868 ’

102 4077 117 4102 ¹
135 4065 222 4119 Plio.
239 4061 310 4113 nim
322 4063 385 4115 Nat.
395 4073 422 4113 v.
434 4064 526 4158 alf.
696 4057 796 4106 οΡΙιιῑ.
811 4054 888 4104 Alex.
907 4067 934 4118 p.
952 4055 1008 4103 old.
1027 4048 1119 4102 stridat
1138 4061 1193 4098 roo.

101 4153 115 4179 ⁸
134 4143 259 4195 Arriam
270 4142 344 4192 ΗΞ.
663 4131 799 4190 Θεοδέκτης.

102 4226 115 4260 ⁸
133 4223 185 4276 ld.
196 4221 221 4270 1.
237 4218 258 4269 l.
694 4208 706 4245 l
722 4207 825 4259 Arrian.
836 4219 856 4254 ι.
868 4207 909 4254 26.
