2925 4867
240 356 305 421 136
638 370 667 418 r.
692 369 942 420 sanissimum

239 510 457 572 matrimonium
471 527 652 590 regnumque
667 509 773 570 mciari
783 510 828 570 fas
841 520 889 570 est
901 507 1005 568 iisdem
1016 507 1187 588 parentibus
1202 509 1331 586 genitos:

239 617 272 667 at
285 618 441 687 postquam
457 606 614 668 Artemisia
623 604 773 666 desiderio
786 605 917 666 defuncti
935 604 1077 677 extabuit,
1092 603 1231 664 Hidrieus
1246 623 1333 682 regno
1443 608 1448 688 l

239 703 362 783 potitus,
371 713 403 763 et
417 703 483 763 sine
496 702 600 764 sobole
614 701 840 774 mortuus‚rldra
855 702 973 780 reliquit
983 701 1144 780 imperium.
1187 702 1237 758 al.
1252 699 1334 758 Hanc

240 798 414 860 Pexodarus
434 798 558 879 expulit,
580 800 631 878 qui
658 818 736 858 unus
759 798 797 860 de
822 799 999 859 Hecatomni
1027 797 1093 856 liliis
1114 805 1286 874 supererat:
1306 805 1336 852 et

238 914 408 974 quanquam
422 895 449 954 is
462 895 653 968 decessisset,
666 895 790 956 exclusa
804 896 960 962 manebat:
982 892 1054 972 quia
1065 892 1269 954 Orontobates
1284 908 1335 949 nc-

237 990 327 1052 bilem
343 992 465 1051 Persam
479 989 651 1052 Peaodarus
666 1009 807 1070 generum
822 989 977 1060 asciverat,
989 998 1022 1047 ut
1035 988 1065 1047 in
1080 1005 1157 1046 noro
1168 997 1198 1046 et
1212 987 1240 1044 vi
1254 995 1337 1065 parto

239 1089 360 1167 imperio
382 1087 462 1146 illius
485 1088 591 1166 opibus
611 1099 643 1148 et
662 1087 758 1166 gratia
778 1097 997 1165 protegeretur:
1018 1095 1108 1164 atquc
1128 1082 1188 1155 ille,
1207 1082 1336 1144 extincto

240 1202 354 1257 socerm
368 1182 450 1244 velut
463 1180 563 1243 dotale
577 1202 699 1262 regnum
723 1181 880 1242 retinebat.
920 1183 971 1240 22.
994 1181 1067 1240 Eam
1085 1179 1220 1257 iujuriam
1234 1175 1336 1255 deplo-

240 1297 310 1338 rans
329 1278 443 1351 mulier,
468 1279 557 1338 simul
578 1276 697 1338 rilindis
719 1277 838 1350 deditis,
863 1277 1103 1354 (munitissimum
1125 1273 1157 1332 id
1184 1273 1338 1334 castellum
1453 1353 1454 1366 χ

240 1377 329 1448 erat,)
343 1373 519 1454 impetrauit,
532 1385 567 1435 ut
579 1393 687 1434 nomen
701 1374 764 1447 lilii,
776 1373 856 1453 quod
869 1372 1031 1445 deserebat,
1046 1372 1151 1431 lubens
1171 1370 1338 1449 acciperctt
1453 1371 1454 1448 Ϊ

241 1479 450 1549 strenuumque
465 1469 492 1530 ei
506 1489 623 1549 operam
638 1470 678 1530 ad
698 1471 830 1549 antiquae
849 1468 1002 1550 dignitatis
1016 1469 1109 1530 decus
1129 1479 1244 1528 mature
1268 1466 1340 1526 reci·

241 1565 383 1644 piendum
403 1565 600 1644 polliceretur.
642 1551 748 1644 Neque
765 1565 913 1645 promisso
926 1564 1002 1624 fides
1023 1563 1134 1624 deluit:
1154 1570 1339 1641 expugnata·

241 1682 300 1740 que
313 1661 422 1723 deinde
431 1660 655 1732 Halicarnasso,
666 1671 759 1722 totam
769 1661 809 1721 illi
821 1661 938 1724 Cariam
950 1680 1052 1740 parere
1061 1659 1179 1738 jussit·
1220 1660 1271 1716 23.
1291 1658 1339 1716 ln·
1456 1655 1457 1710 l

242 1758 327 1816 terim
349 1757 430 1816 faura
449 1757 576 1836 benigne
599 1767 732 1836 exceptae
758 1757 869 1836 reginae
894 1774 1085 1837 peromnem
1110 1753 1192 1814 illurn
1215 1763 1339 1814 tractum
1456 1749 1457 1778 ¹

242 1851 352 1912 diffusa
365 1852 474 1911 multas
499 1851 634 1912 civitates
658 1852 828 1913 Alexandro
850 1853 1036 1921 conciliavit:
1059 1870 1126 1912 narn
1151 1851 1300 1930 plenaque
1324 1869 1343 1908 a

243 1948 416 2010 necessariis
430 1958 483 2006 aut
496 1947 686 2008 familiaribus
700 1947 776 2008 Adae
798 1951 992 2010 tenebantur:
1014 1948 1033 2006 ii
1049 1969 1100 2030 per
1121 1949 1239 2028 legatos
1256 1948 1342 2006 obtu-

242 2044 340 2104 lerunt
360 2063 464 2104 aureas
488 2062 625 2115 coronas,
642 2043 835 2122 ‘futurosque
849 2045 880 2103 in
901 2042 960 2104 fide
982 2062 1018 2104 ac
1039 2055 1187 2124 potestate
1210 2043 1299 2122 regis,
1313 2051 1344 2102 ct

242 2141 386 2219 imperata
405 2140 562 2210 facturos,'
590 2140 813 2218 promiserunt*¹
854 2141 904 2198 24.
934 2139 1014 2198 Dum
1039 2139 1104 2200 baec
1132 2143 1173 2200 ita
1190 2151 1344 2218 geruntur,

243 2237 397 2314 exquisitae
418 2236 490 2294 artis
502 2235 675 2314 saporisque
696 2236 780 2296 cibus
795 2246 884 2315 atque
899 2235 1022 2296 bellaria
1035 2237 1150 2298 solicita
1169 2236 1276 2297 confici
1291 2252 1344 2293 cu·

244 2329 329 2389 rabat
342 2329 420 2400 Ada,
434 2348 529 2407 eaque
543 2348 611 2388 cum
623 2330 697 2409 ipsis
711 2331 859 2409 coquinat
878 2330 1056 2410 cupediariis
1077 2334 1139 2412 rogi
1153 2331 1235 2392 dono
1248 2329 1347 2390 mitte·

243 2425 312 2491 bat:
335 2435 477 2502 tauquam
499 2425 698 2485 benemerenti
722 2427 848 2506 gratiam
873 2427 1011 2502 relatura,
1026 2429 1172 2488 simoniis
1197 2443 1347 2488 armorum

245 2520 355 2582 lassum
382 2520 597 2602 fatigatumque
619 2521 742 2583 Asiatici
767 2524 854 2584 luxus
883 2523 997 2584 deliciis
1022 2525 1192 2604 exciperet:
1233 2526 1284 2584 25.
1306 2524 1350 2583 Ar

243 2617 292 2678 ille
317 2617 446 2697 prudens
467 2616 721 2697 intemperantiam
745 2617 824 2698 gulae
846 2619 924 2678 seria
948 2621 1086 2680 tractanti
1107 2618 1348 2699 intempestivam

243 2732 320 2784 esse,
335 2711 549 2773 benevolentia
562 2712 682 2790 quidem
697 2712 830 2773 muliebri
844 2713 965 2773 comiter
984 2714 1095 2792 gratias
1113 2714 1192 2794 egit:
1214 2725 1349 2774 cetarum

245 2823 330 2865 ‘non
355 2806 532 2878 attinuisse,'
554 2807 718 2886 respoudit,
733 2815 785 2867 ‘ut
798 2827 851 2886 pro
875 2809 941 2888 ipso
966 2809 1081 2870 solicita
1098 2822 1188 2883 esset,
1209 2809 1349 2870 meliores

245 2905 373 2963 babente
394 2920 517 2981 coquos,
540 2903 645 2980 quibus
669 2903 767 2981 ipsum
792 2903 861 2962 olim
893 2903 1078 2984 pedagogus
1103 2925 1174 2966 suus
1198 2906 1349 2968 leonidas

246 2999 451 3064 instruxisset:
473 2997 512 3057 ad
537 2999 692 3076 prandium
718 2999 773 3059 iter
797 2998 1015 3071 antelucanum.
1029 3001 1068 3062 ad
1092 3021 1206 3062 coenam
1230 3004 1349 3084 frugalc

245 3092 423 3176 prandium!
585 3165 591 3180 Ι

288 3193 341 3252 ΙΧ.
379 3195 405 3251 l.
427 3191 495 3250 lam
519 3201 583 3250 tota
604 3193 694 3254 ferme
718 3192 807 3252 Caria
822 3192 851 3251 in
875 3191 1016 3255 ditionem
1039 3194 1199 3256 Alexandri
1222 3213 1349 3258 conces-

248 3300 342 3355 serat:
365 3284 418 3347 sed
440 3297 531 3366 caput
553 3288 635 3366 regni
661 3287 889 3348 Halicarnassus
911 3289 994 3350 firmo
1017 3291 1158 3370 praesidio
1180 3293 1348 3354 tenebatur.

249 3383 352 3462 ltaque
376 3382 546 3442 diuturnam
570 3383 755 3443 obsidionem
777 3383 839 3442 fore
863 3383 1045 3462 conjectans,
1066 3392 1294 3460 ‘commeatum
1315 3398 1353 3448 et
1456 3419 1457 3428 κ

247 3479 401 3537 machinas
415 3497 483 3556 quae
500 3476 539 3535 ad
559 3477 810 3557 oppugnationem
831 3477 1021 3556 pertinerent,
1036 3481 1162 3542 navibus
1183 3501 1220 3542 eo
1240 3481 1350 3562 depur-
1456 3459 1457 3510 Ῐ

248 3573 321 3632 tari'
341 3573 442 3652 jubet:
474 3573 537 3650 ipse
561 3592 628 3632 cum
649 3572 780 3652 pedestri
803 3574 933 3634 exercitu
961 3575 1067 3653 quinto
1091 3577 1129 3636 ab
1153 3577 1226 3638 urbe
1249 3575 1353 3638 stadio
1456 3595 1457 3612 ³

247 3679 349 3730 castra
366 3668 551 3728 communit·
591 3671 621 3729 2.
644 3669 759 3730 Deinde
781 3688 880 3729 muros
895 3668 1041 3741 adortum,
1054 3671 1141 3750 juxta
1155 3683 1269 3750 portam
1284 3693 1354 3752 qua

249 3766 385 3846 Mylasea
410 3764 465 3825 iter
486 3774 543 3834 est,
564 3764 723 3844 improvisa
749 3763 964 3844 oppidanorum
987 3767 1102 3846 eruptio
1128 3770 1261 3850 excepit:
1289 3773 1354 3832 sed

249 3859 465 3920 Macedonibus
489 3860 602 3920 sortiter
625 3861 849 3923 conserentibus
874 3879 1004 3935 manum,
1024 3862 1202 3941 qmbusdam
1226 3885 1354 3927 suorum

249 3953 365 4014 amissis
379 3953 460 4014 baud
481 3973 590 4033 magno
604 3957 724 4035 negotio
746 3955 844 4035 reiecti
867 3966 947 4016 sunt.
991 3959 1020 4016 3.
1043 3957 1134 4021 Pauci
1154 3959 1261 4022 deinde
1278 3961 1355 4022 dies

281 4120 299 4146 ¹
315 4110 421 4162 Arrinn.
432 4114 449 4162 l.
461 4115 477 4163 Ι.
849 4125 860 4149 ⁰
877 4116 947 4165 Plut.
960 4113 1038 4166 Alex.
1048 4131 1074 4180 p.
1082 4120 1139 4168 ott.

281 4195 294 4224 ¹
311 4187 390 4237 Diod.
400 4188 416 4238 Ι.
426 4187 444 4238 l.
848 4201 860 4226 ⁸
877 4191 978 4242 Arrlau.
991 4191 1008 4242 1.
1020 4192 1037 4256 l.
1055 4192 1132 4244 Diod.
1144 4193 1161 4244 l.
1173 4194 1190 4245 Ι.
