2925 4867
327 389 457 437 surra.
481 389 521 438 ru
547 391 582 450 o.
605 389 779 438 ocurrunt
806 391 879 440 nra.
906 393 929 440 r.
1132 375 1176 440 92

95 527 233 602 parricidae
252 531 283 588 in
304 549 393 591 eruce
416 530 556 610 pendenti
576 550 715 592 coronam
740 551 859 592 auream
885 533 1072 611 impositam
1088 553 1174 594 nemo

87 618 236 698 'dubitavit
249 627 368 706 aliaque
380 628 512 687 facinom
523 638 692 708 perpetrata
705 639 785 700 sunt,
800 647 836 688 ex
852 630 958 708 quibus
974 630 1064 704 totius
1082 631 1177 690 scele-

95 717 128 774 ris
140 720 208 781 ordo
217 742 377 802 causasque
386 723 466 782 hand
480 725 604 782 obscure
617 724 866 803 perspicerentur.
903 727 953 782 22.
970 724 1069 782 Dubia
1080 723 1177 786 adhuc

94 812 152 873 luce
165 816 310 878 theatrum
330 818 436 898 ingens
456 818 608 878 bominum
627 819 789 879 multitudo
813 821 993 899 impleverat,
1009 829 1179 898 spectatura

94 909 182 986 ludos,
203 917 254 994 qui
276 916 458 995 superiorum
481 914 595 975 dierum
618 916 791 993 spectacula
809 916 879 976 luxu
905 927 935 976 et
959 916 1179 996 magnificentia

93 1005 173 1086 longe
185 1012 349 1090 superaturi
363 1011 557 1072 dicebantur.r
593 1012 649 1069 23.
671 1011 751 1070 Inter
772 1011 840 1084 alia,
854 1013 961 1090 quibus
980 1013 1089 1072 divitiis
1111 1012 1178 1073 illu·

95 1100 155 1162 dere
173 1107 272 1168 solent
290 1107 424 1186 opulenti
449 1126 546 1185 reges,
573 1116 605 1165 et
625 1106 752 1166 lortunoe
775 1127 837 1167 suae
859 1110 1092 1188 magnitudinem
1118 1129 1178 1169 non

93 1199 246 1277 capientes,
261 1204 420 1263 duodecim
442 1203 572 1262 Deorum
593 1203 707 1282 effigies
728 1203 907 1277 eminebant,
922 1205 951 1264 in
966 1206 1072 1284 quibus
1088 1207 1178 1266 artifi-

93 1312 153 1354 cum
173 1297 317 1360 industria
338 1319 407 1359 eum
430 1298 560 1359 materiae
583 1298 730 1376 dignitate
752 1309 924 1362 certaverat.
966 1301 1180 1362 Tertiadecima

93 1387 213 1473 Philippi
225 1395 334 1456 thensa
346 1404 531 1462 accesseram
553 1395 636 1454 nulla
647 1395 678 1454 in
691 1415 722 1454 re
737 1397 841 1456 ceteris
856 1398 948 1459 vilior.
990 1399 1041 1458 24.
1056 1397 1090 1456 ld
1102 1417 1179 1460 mor-

92 1486 204 1549 talitatis
217 1491 369 1559 sastidium
390 1505 505 1552 matura
519 1491 593 1552 ultio
606 1501 769 1552 consecuta
791 1505 854 1552 est:
877 1506 907 1553 et
920 1513 1061 1554 successu
1082 1515 1178 1555 rerum

90 1582 323 1660 insolescentem,
336 1609 427 1668 seque
441 1588 507 1648 Diis
522 1587 733 1648 immortalibus
748 1599 927 1666 aequantem,
941 1591 1112 1669 priusquam
1133 1591 1178 1650 in·

91 1677 309 1744 debitobonore
327 1687 480 1756 frueretur,
502 1686 596 1744 satum
620 1685 788 1763 occupavit.
828 1688 880 1745 25.
904 1686 1069 1746 Pausanias
1094 1686 1179 1746 thes-

91 1784 160 1835 tmm
173 1780 282 1842 intrare
296 1781 443 1843 volentem
456 1783 663 1841 observaverat
672 1793 691 1839 ι·
711 1793 802 1861 utque
823 1783 983 1862 praemissis
1004 1783 1114 1854 amicis,
1129 1783 1181 1863 qui

91 1891 152 1932 eum
177 1875 374 1946 deduxerant,
395 1878 563 1956 relictisque
587 1898 606 1953 a
629 1889 714 1956 tergo
739 1877 918 1939 satellitibus
942 1882 1023 1956 (nam
1042 1880 1072 1938 in
1095 1889 1181 1940 tanta

92 1969 216 2031 amnium
230 1974 438 2034 benevolentia
457 1974 528 2032 nibil
547 1974 584 2033 iis
605 1992 681 2052 opus
695 1994 761 2035 esse
781 1974 898 2034 volebat
916 1974 1085 2050 ostendere)
1098 1977 1180 2036 solus

88 2061 321 2142 ingrediebatur3
343 2088 500 2150 percussor
514 2069 689 2147 improvisus
711 2069 819 2140 assilit,
840 2069 999 2149 gladioque
1017 2071 1181 2141 barbarico,

91 2180 174 2240 quem
201 2167 258 2224 sub
286 2177 369 2225 veste
393 2165 548 2237 babuerat,
572 2164 650 2224 latus
680 2164 752 2223 nibil
776 2163 835 2224 tale
863 2165 1046 2244 expectantis
1073 2167 1181 2228 haurit.

89 2259 135 2318 26.
156 2259 217 2321 llic
232 2261 288 2320 luit
309 2262 407 2322 exitus
427 2261 545 2320 maximi
564 2261 741 2320 mantissam
761 2279 875 2339 regum.
911 2262 1096 2322 Macedoniae
1118 2281 1182 2344 reg·

90 2373 156 2414 num
170 2375 314 2436 magnum
335 2377 372 2416 ex
395 2355 476 2436 inopi
499 2355 689 2416 reddiderat:
709 2354 929 2435 circumjectum
950 2358 1112 2419 barbariem
1128 2359 1183 2420 do·
1270 2371 1272 2376 ’

88 2465 216 2513 muerat:
238 2453 364 2514 Groecise
378 2454 560 2532 imposuerat
577 2452 704 2532 jugum:
725 2463 790 2513 tum
813 2454 900 2514 ctiam
921 2453 1040 2513 Persico
1061 2455 1182 2534 imperio

89 2547 278 2611 imminebat:
295 2550 358 2629 jam
380 2548 488 2610 auxilia
505 2548 680 2608 Graecorum
702 2549 842 2609 coibant:
874 2550 924 2607 27.
944 2549 1007 2628 jam
1031 2549 1060 2608 in
1080 2551 1182 2610 Asiam

89 2647 299 2727 transjecerant
309 2646 453 2726 praemissi
468 2647 505 2705 ab
520 2661 557 2704 eo
570 2645 679 2712 duces:
702 2665 770 2704 cum
792 2646 821 2705 in
836 2644 901 2726 ipso
917 2663 1014 2705 rernm
1039 2646 1184 2724 gerenda-

90 2759 150 2800 rum
179 2742 317 2813 articulo,
345 2742 492 2822 prolixum
513 2741 645 2801 victoriae
675 2742 801 2801 fructum
830 2741 886 2800 sibi
909 2741 1099 2821 pollicentem
1124 2743 1185 2803 vita

90 2836 234 2900 destituit.
275 2843 326 2898 28.
348 2839 395 2900 lta
414 2839 542 2898 maxima
555 2857 682 2916 quaeque
697 2839 726 2896 in
742 2837 956 2903 luminosum:
978 2851 1006 2897 et
1019 2837 1183 2898 audacissi-

90 2952 153 2994 mas
163 2955 234 3014 spes
246 2935 397 2994 hominum
411 2934 534 3013 quilibet
547 2953 584 2993 ex
598 2935 758 3012 improviso
771 2953 858 2994 casus
873 2932 977 2993 eludit.
1013 2935 1063 2992 29.
1081 2935 1184 3016 Olym·

88 3034 150 3110 pias
172 3045 325 3112 comperta
345 3045 439 3093 morte
460 3033 538 3110 regis
553 3031 743 3107 Cleopatram
765 3031 859 3090 Attali
880 3049 978 3090 sorore
1000 3032 1129 3108 genitam
1144 3035 1184 3094 ad

90 3131 282 3210 suspendium
296 3129 398 3207 adegit
405 3149 423 3195 ιι
442 3128 545 3188 natum
559 3148 597 3186 ex
606 3147 642 3188 ea
655 3128 759 3206 paucis
774 3137 843 3187 ante
857 3126 1066 3206 patrisnecem
1079 3127 1184 3189 diebus

88 3244 212 3302 puerum
233 3226 263 3284 in
286 3243 371 3286 aenea
386 3225 464 3304 pelvi
485 3223 609 3283 torruit:
634 3222 664 3282 in
687 3224 812 3283 clientes
834 3223 921 3283 etiam
947 3223 1184 3304 propinquosque

91 3321 153 3400 ejus
167 3322 316 3382 atrocibus
331 3320 485 3400 suppliciis
500 3319 606 3390 saeviit,
627 3330 658 3378 et
676 3320 832 3379 occasione
855 3318 991 3377 vindictae
1015 3337 1066 3396 per
1083 3322 1186 3383 mulie·

87 3419 171 3478 brem
184 3417 388 3496 impotentiam
400 3415 604 3476 crudelissime
617 3434 673 3474 usa
686 3426 743 3476 est.

127 3517 168 3574 X.
190 3519 218 3575 l.
240 3512 301 3572 Sed
314 3512 494 3583 Alexander,
507 3532 559 3593 per
573 3512 658 3591 cujus
679 3513 844 3573 absentiam
858 3521 951 3572 mater
965 3513 1023 3572 ista
1037 3525 1186 3594 perpetra-

90 3617 196 3681 verat,⁸
208 3623 351 3686 tanquam
363 3609 493 3668 salutare
510 3606 605 3680 sidus,
629 3608 842 3686 componendis
856 3610 946 3667 tantis
959 3609 1097 3670 fluctibus
1112 3623 1185 3671 tem·

90 3706 224 3782 pestivus
238 3703 360 3764 affulsit.
401 3707 430 3762 2.
451 3701 568 3784 Quippe
590 3705 694 3763 erectis
708 3706 739 3764 in
754 3723 835 3782 spem
856 3703 998 3764 libertatis
1013 3706 1187 3766 Graecorum

91 3802 208 3873 animm,
227 3819 304 3880 quos
328 3799 483 3879 Philippus
504 3810 700 3878 oppresserat,
714 3811 745 3860 et
770 3799 1017 3860 tumultuantibus
1031 3802 1061 3861 in
1079 3802 1188 3862 vicinia

92 3897 234 3970 barbaris,
249 3916 287 3956 ne
305 3896 492 3956 Macedoniae
505 3895 625 3975 quidem
638 3895 804 3976 tranquillae
819 3907 972 3956 reserant.
1016 3900 1044 3959 3.
1068 3897 1187 3961 Attalus

126 4080 140 4113 ¹
156 4073 253 4124 lustin.
264 4086 308 4124 ιι.
319 4078 344 4123 7.
355 4078 396 4123 10.
691 4067 700 4098 ³
714 4065 811 4117 lustin.
822 4066 840 4115 l.
850 4066 867 4114 l.
879 4065 989 4114 Pansam
1002 4073 1063 4110 vrrr.

126 4154 139 4179 ¹
156 4148 228 4199 Diod.
238 4150 293 4200 Sic.
304 4165 332 4212 p.
340 4153 400 4198 48⁰.
692 4154 704 4181 ¹
721 4145 794 4196 etur.
804 4143 880 4195 Alex.
892 4159 917 4206 p.
929 4146 987 4192 ato.

127 4232 138 4255 ⁸
153 4223 255 4290 loseph.
266 4225 373 4291 Anthq.
384 4239 446 4276 ιιι.
458 4229 482 4276 l.
598 4240 600 4243 ·
