2925 4867
365 410 495 462 suren.
518 412 559 460 sn
584 414 619 473 o.
641 412 816 462 ouarrunr
841 414 914 464 crs.
939 413 961 460 r.
1146 397 1210 464 109

119 547 265 611 Thebanis
280 550 390 612 eudlio
399 551 490 613 loturi
504 572 535 614 se
549 561 779 625 commoverant,
793 558 802 586 ‘
814 551 916 625 duces,
930 570 1055 631 quorum
1069 552 1210 614 instinctu

121 645 243 705 adeum
263 647 390 708 lurorem
413 648 544 729 prolapsi
562 659 674 719 essent,
694 648 802 729 capitis
825 669 857 708 se
880 646 1138 708 condemnavisse'
1158 667 1210 708 ex·

119 743 278 819 ponebant.
318 745 369 802 27.
391 744 455 804 Elei
477 743 638 804 ‘exulibus
660 744 721 805 suis
742 742 867 803 reditum
889 744 1084 816 concessisse,
1097 761 1158 803 non
1171 745 1209 804 ob

120 835 212 909 alind,
225 837 281 898 nisi
295 837 375 917 quod
387 838 560 900 Alexandro
576 857 661 899 caros
682 839 888 919 accepissent!
928 840 979 897 28.
1002 837 1041 898 Et
1055 837 1144 898 AEtoli
1157 857 1210 899 ex·

120 943 305 1005 curaverunt,
325 933 430 1013 ‘qaod
443 934 473 993 in
488 932 583 993 tantis
593 931 720 994 Graecias
735 934 839 1004 turbis,
860 934 990 1012 ipsorum
1003 951 1121 1012 qnoque
1135 952 1209 1014 gens

118 1044 261 1086 novorum
269 1027 457 1089 consiliorum
468 1045 572 1107 expers
581 1045 641 1088 non
649 1027 791 1089 fnisset.'²
811 1029 860 1088 29.
873 1028 1066 1108 Megarenses
1078 1029 1145 1088 aori
1159 1049 1210 1108 ge·

120 1120 197 1181 neris
211 1122 322 1184 honore
334 1124 426 1184 risum
439 1123 514 1204 regi,
522 1123 631 1203 quique
641 1124 721 1183 eirea
731 1141 799 1183 eum
810 1133 903 1194 erant,
913 1125 1154 1196 commoverant?
1162 1143 1207 1184 re-

119 1215 245 1277 ferentes
266 1224 275 1253 ‘
290 1219 328 1278 ob
342 1219 474 1279 studium
486 1229 517 1279 et
530 1219 674 1281 benefida
686 1218 848 1280 Alexandri
861 1220 892 1278 in
906 1219 1040 1293 Graecos,
1051 1220 1209 1298 Megaren-

120 1311 162 1370 sis
185 1312 288 1391 populi
310 1314 384 1375 seito
408 1314 556 1375 civitatem
578 1314 623 1374 illi
646 1315 795 1376 decretam
821 1335 888 1376 esse
897 1316 916 1376 ι’
935 1315 1031 1376 donec
1048 1315 1210 1389 intellecto,

10 1412 14 1419 '
121 1408 252 1466 ‘nemini
266 1408 304 1467 ad
319 1429 385 1469 eum
401 1408 490 1482 diem,
499 1422 624 1489 excepto
634 1411 773 1484 Hercule,
784 1410 814 1469 id
829 1409 948 1470 honoris
962 1410 1209 1484 habitum,'laetus

119 1503 246 1582 accepit.
287 1506 336 1564 30.
357 1506 472 1565 Ceteris
485 1505 649 1586 respondit,
670 1506 766 1565 ‘nihil
782 1506 837 1565 sibi
851 1506 948 1585 quiete
967 1516 997 1567 et
1010 1507 1210 1568 incolumitate

120 1597 247 1657 Graecia
260 1600 408 1679 antiquius
422 1620 506 1670 esser
527 1601 617 1666 modo
640 1601 671 1660 in
693 1611 844 1680 posterum
867 1601 951 1662 novis
971 1603 1058 1661 rebus
1080 1603 1210 1663 abstine-

118 1703 205 1753 rent:
225 1695 437 1774 prsateritorum
462 1698 576 1757 veniam
596 1696 683 1757 lncile
705 1696 890 1758 concedere!
929 1699 978 1756 31.
999 1695 1108 1756 Verum
1122 1697 1211 1776 Spar·

117 1789 196 1847 tanis
221 1789 346 1850 maxime
374 1786 512 1861 diffisus,l
531 1791 676 1853 Philiadoe
701 1793 809 1854 liberos
830 1793 1009 1864 Messenem,
1032 1791 1112 1852 ande
1132 1793 1210 1872 pulsi

117 1883 247 1955 fuerant,
270 1884 414 1944 restituit:
435 1884 576 1945 Pellenen
595 1886 769 1946 Achaeorum
793 1887 931 1947 cnaeroni
946 1884 1086 1946 tradidit:
1107 1885 1210 1966 Sicyo·

118 1998 199 2052 nem,
223 1978 338 2059 alisque
358 1979 556 2061 Peloponnesi
578 1981 688 2062 oppida
711 2002 764 2061 per
787 1981 910 2041 clientes
934 1999 1004 2040 suos
1026 1979 1138 2052 habuit,
1159 1983 1210 2060 qui

118 2073 246 2135 consilia
259 2073 546 2135 Lacedaemoniorum
567 2095 605 2135 ex
621 2077 786 2158 propinquo
810 2075 1040 2154 specularentur.
1084 2077 1131 2135 32.
1152 2075 1210 2136 'l'ot

117 2169 270 2249 malisque
292 2170 379 2230 rebus
400 2171 584 2249 perficiendis
605 2173 692 2252 pauci
706 2191 822 2232 menses
837 2169 1025 2230 suffecerunt.
1046 2170 1122 2228 intra
1134 2189 1210 2248 quos

119 2279 181 2325 tam
196 2283 286 2343 grave
299 2276 388 2344 atque
401 2266 554 2346 multiplex
577 2267 687 2326 bellum
706 2266 813 2326 leviore
836 2264 956 2344 negotio
969 2261 1108 2336 confecit,
1123 2284 1212 2344 quam

119 2359 198 2422 alins
220 2361 394 2442 paravisset.
423 2363 485 2421 ¹33.
508 2363 575 2441 Ipse
598 2361 717 2441 quidem
740 2379 803 2419 earn
824 2357 975 2419 victoriam
998 2355 1162 2418 celeritati*
1182 2380 1214 2422 se

120 2456 228 2516 debere
241 2455 408 2528 confessos,
422 2456 623 2536 interroganti,
643 2461 653 2490 ⁴
668 2473 798 2534 quonam
817 2453 942 2514 maxime
959 2448 1048 2511 modo
1062 2451 1209 2513 Graeciam

119 2550 316 2628 subegissetr'
339 2549 442 2610 ‘Nihil
459 2549 651 2622 cunctando‚'
668 2549 829 2638 respondit.

153 2761 283 2812 ιΑηῑιῃ,
294 2775 315 2812 1,
326 2765 369 2810 lo.
401 2765 408 2772 ·
716 2752 879 2805 l’Dernostlu
905 2751 938 2803 de
965 2751 1107 2805 Alexandr.
1136 2755 1200 2806 Foed

155 2838 254 2887 *Pica
268 2836 303 2886 de
318 2835 453 2886 Menneu.
471 2847 495 2886 e.
510 2839 535 2886 2.
546 2835 646 2885 Ssaeex
686 2831 798 2898 Panaen-
810 2843 856 2880 arr.

123 2911 281 2966 demde.
291 2925 313 2963 1.
324 2915 365 2962 ts.
552 2929 556 2934 ·
694 2940 697 2948 -
719 2916 734 2950 c
745 2907 831 2958 schol.
843 2907 875 2956 sd
888 2905 994 2958 Homer.
1006 2906 1082 2959 ltiad.
1093 2913 1119 2960 Β.
