2925 4867
398 390 439 441 ra
463 390 641 453 ournrua
666 390 840 441 enarrer«
866 390 1012 441 ansus.
1205 374 1252 441 29

150 535 243 601 Nam
264 552 341 601 eum
363 534 527 619 'l'rajanus
548 552 743 618 quanquam
765 533 976 599 consobrinae
1001 531 1117 610 tilium,
1136 532 1251 597 vivens

148 638 302 703 noluerat
325 632 507 721 adoptare:
552 635 648 701 Idem
668 639 811 701 testatur
829 633 883 699 Io.
899 633 1101 719 Xiphilinns
1123 635 1158 698 in
1179 633 1252 697 Ἐκ-

150 736 255 823 λᾶγιις
269 758 314 805 ex
330 737 461 803 Hister.
477 735 602 801 Dionis
617 736 699 801 Vita
720 736 887 801 Hadriani
909 754 986 820 cap.
1000 736 1036 801 4.
1079 734 1252 801 ‘Hadria-

150 859 215 903 nus
238 859 261 905 a
282 838 433 923 Traiano
456 837 640 922 adoptatus
667 857 736 903 non
762 836 834 901 est'
877 836 1040 921 Idemque
1062 857 1109 903 ex
1133 837 1251 903 eodem
1370 862 1373 869 ·

143 941 265 1007 ¹Dione
289 940 401 1005 addit:
425 936 666 1022 ‘Apronianus
687 938 777 1002 eninr
797 944 891 1023 pater
913 957 1021 1015 meus,
1040 939 1100 1023 qni
1120 937 1250 1005 cilicie

149 1040 299 1124 praefuit,
314 1040 439 1125 quique
461 1058 513 1105 res
535 1038 610 1123 ejus
628 1034 834 1125 (Hadriani)
847 1057 964 1104 omnes
978 1045 1067 1105 certe
1081 1041 1250 1123 cognovit,

148 1142 237 1207 mihi
252 1142 383 1226 singula
394 1142 573 1218 recensuit,
589 1146 697 1225 ‚atque
719 1136 803 1203 illud
818 1138 852 1201 in
873 1139 1001 1221 primis,
1014 1144 1155 1205 mortem
1169 1140 1251 1205 Tra·

144 1245 224 1329 jani
238 1264 296 1329 per
311 1245 439 1328 aliquot
460 1241 585 1307 diesin
600 1240 736 1307 occulto
750 1238 866 1316 luisse,
887 1246 926 1303 nt
946 1238 1120 1323 adoptatio
1134 1237 1267 1323 proee·'

150 1345 258 1425 deret,
280 1346 383 1429 idque
406 1363 450 1409 ex
470 1343 574 1409 literis
597 1343 670 1427 ejus
690 1341 735 1407 ad
758 1347 914 1406 senatum
938 1343 1109 1423 cognitum
1129 1341 1251 1423 tuisse,

151 1448 277 1531 quibus
298 1446 406 1513 literis
429 1464 498 1509 non
521 1447 608 1529 lpse,
630 1444 690 1510 sed
714 1443 863 1520 Plotina,
886 1442 1096 1527 subscripsit,
1112 1443 1201 1528 qnod
1216 1448 1251 1510 in

150 1549 224 1615 alio
243 1549 368 1615 laetum
387 1547 496 1614 inerat
517 1546 709 1630 nunqnam.’
753 1544 884 1611 Eadem
907 1543 1078 1609 traduntur
1099 1548 1143 1611 ab
1157 1547 1251 1611 AElio

151 1651 337 1735 Spartiano
350 1648 434 1715 Vita
450 1647 638 1713 Hadriani:
661 1651 672 1681 ‘
689 1646 764 1711 Neo
780 1646 906 1720 desunt,
929 1646 988 1730 qni
1007 1644 1155 1711 lectione
1169 1646 1250 1712 Plo·

150 1752 246 1830 nne,
257 1759 386 1818 mortuo
396 1750 469 1834 jans
479 1749 637 1834 Trajano,
661 1748 871 1814 Hadrianum
885 1747 921 1810 in
936 1746 1151 1830 adoptionem
1165 1749 1252 1813 asci-

151 1862 227 1919 tum
247 1873 323 1919 esse
350 1850 570 1937 prodiderint,
599 1851 793 1936 supposito,
817 1850 875 1933 qni
898 1867 959 1931 pro
985 1848 1132 1933 Trajano
1162 1850 1252 1915 fessa

150 1950 467 2036 veneloqueretur!
508 1949 741 2037 adoptionem
762 1956 876 2015 antem
899 1951 997 2017 istam
1019 1951 1082 2015 snb
1103 1950 1252 2033 ipsede-

151 2074 245 2119 rnnnr
258 2060 365 2119 morte
380 2054 592 2138 imperatoris
607 2072 682 2119 esse
696 2052 823 2119 sactum
837 2056 873 2117 et
886 2048 963 2115 inde
976 2052 1147 2133 probatur,
1160 2050 1252 2134 qnod

150 2155 244 2221 idem
257 2154 455 2240 Spartianus
470 2154 493 2219 l.
509 2154 535 2220 l.
554 2158 565 2189 ‘
581 2154 719 2239 quinto,’
741 2154 859 2237 inquit,
880 2157 891 2187 ‘
904 2151 1026 2217 Iduum
1040 2150 1184 2235 Augusti
1197 2150 1252 2217 die

151 2256 287 2339 legatus
316 2256 423 2341 Syria
448 2255 561 2321 literas
584 2255 781 2340 adoptionis
804 2254 948 2337 aceepit.
990 2251 1104 2317 Tertio
1128 2252 1253 2318 Iduum

151 2356 330 2423 minutiem
351 2374 514 2423 exoessns
536 2358 569 2423 ei
589 2355 727 2441 Trojani
751 2356 924 2420 nuntiatus
944 2352 1019 2420 est!
1061 2352 1148 2433 Quae
1173 2374 1253 2420 eum

152 2459 204 2524 ita
225 2458 307 2536 sint,
327 2459 434 2523 omnis
459 2457 606 2523 Pontani
629 2458 797 2523 sententia
819 2456 864 2523 ad
890 2456 1016 2522 irritum
1038 2456 1131 2522 eadit
1152 2462 1252 2539 atque

151 2557 373 2640 rescinditn13
394 2578 471 2625 nam
496 2557 631 2625 Curtius
656 2558 737 2624 vivo
762 2563 796 2624 et
819 2568 977 2642 maante
997 2559 1146 2643 'stajano
1171 2559 1253 2623 talia

152 2662 311 2745 angurari
334 2660 424 2726 nullo
451 2658 553 2725 modo
575 2662 696 2745 potnit,
718 2660 831 2744 qualia
852 2662 928 2727 loco
952 2661 1083 2746 saepius
1113 2658 1252 2725 laudato

148 2766 338 2845 'auguratus
353 2769 414 2826 est

199 2860 373 2927 Sententia
387 2860 491 2947 Gasp.
507 2860 649 2941 Barthii,
660 2862 720 2947 qni
732 2861 960 2929 Theodosium
975 2862 1026 2929 M.
1040 2863 1145 2931 Curtii
1157 2864 1252 2929 Prin·

154 2964 267 3047 oipem
285 2962 392 3027 luisse
406 2964 568 3046 opinatur,
588 2962 777 3029 rationibus
791 2982 857 3028 non
869 2967 976 3049 magis
990 2966 1120 3031 idoneis
1133 2965 1253 3031 confir·

153 3068 277 3129 anatur.
320 3062 459 3129 Soilieet
474 3080 591 3139 eausa,
606 3082 665 3127 eur
681 3063 723 3129 ad
740 3083 816 3129 eam
831 3072 966 3131 sentem
981 3066 1131 3132 Curtium
1146 3068 1253 3147 detra,-

153 3166 225 3243 hat,
246 3166 314 3230 alia
336 3164 428 3231 nuda
448 3170 512 3241 est,
534 3183 636 3248 qnam
660 3164 929 3231 declamatorium
948 3166 1024 3251 ejus
1045 3186 1186 3233 aenmen
1207 3167 1254 3231 ad

156 3266 450 3351 Panegyristarnm
476 3264 668 3332 affectiones
686 3264 892 3331 inclinatum.
935 3267 1023 3351 Ergo
1043 3270 1077 3334 in
1103 3274 1254 3343 anctore,

155 3387 258 3453 quem
272 3366 331 3431 alii
346 3368 390 3432 ob
413 3368 491 3452 styli
512 3366 714 3450 elegantiam
738 3366 782 3432 ad
801 3386 938 3432 auream
961 3369 1157 3434 Latinitatis
1172 3376 1253 3433 aeta-

154 3474 225 3533 tem
235 3475 431 3545 evexerant,
447 3470 481 3533 in
495 3468 616 3533 eodem
637 3468 696 3533 illo
718 3469 933 3534 emunctioris
953 3470 1043 3537 naris
1060 3468 1160 3535 horno
1173 3490 1255 3535 eon·

156 3570 296 3635 nanum
324 3567 451 3647 olfacit,
477 3575 577 3655 atque
600 3568 644 3634 ad
672 3588 802 3635 aeneam
831 3578 968 3636 aetatem
996 3591 1072 3637 enm
1101 3572 1253 3637 detrudit.

156 3669 270 3750 Quasi
285 3678 365 3736 ante
375 3676 525 3754 tempora
539 3670 724 3737 Theodosii
738 3669 772 3735 id
788 3672 948 3737 orationis
968 3692 1071 3755 genos
1093 3692 1158 3738 non
1172 3674 1254 3737 tuis·

156 3781 225 3849 set,
253 3774 349 3857 eujus
369 3772 578 3857 jejunitatem
598 3772 671 3855 jam
693 3774 905 3839 abominatur
931 3772 1063 3849 Cicero,
1087 3773 1253 3861 cujusque

156 3874 413 3937 ostentationem
428 3873 556 3959 saepius
567 3872 698 3939 moneat
708 3873 945 3951 Quintilianus.
984 3874 1117 3939 Deinde
1133 3876 1255 3940 Barth·

156 3975 213 4039 ins
234 3973 339 4037 etiam
360 3978 464 4056 putat,
485 3973 589 4038 rerba
609 3966 769 4057 quadam
789 3974 898 4039 Curtii
911 3974 1109 4040 Theodosio
1125 3978 1253 4058 potins,

157 4094 262 4158 qnam
278 4074 472 4159 Principm
485 4076 546 4141 ulli
562 4077 747 4139 convenire.
793 4075 894 4140 lllnm
909 4096 944 4140 v.
958 4096 989 4140 e.
1002 4078 1106 4141 inisse
1123 4096 1159 4141 re
1175 4096 1253 4143 vera

157 4182 167 4211 ⁶
182 4194 310 4247 novum
324 4176 437 4241 sidns'
452 4178 610 4260 illumque
625 4178 661 4242 in
674 4177 808 4243 duobus
823 4177 904 4243 liliis
918 4177 1126 4244 ‘dintumam
1142 4186 1254 4260 poste-
