2925 4867
433 408 494 455 ἰιιι
518 407 663 469 Qururo
688 409 839 457 cuurro.
866 422 885 441 ι
1149 404 1193 466 tl

339 644 480 713 Adriani
495 646 638 713 Turnebi
652 650 710 715 lib.
730 666 784 713 ιιι.
801 670 877 733 cup.
893 652 944 714 15.

140 792 212 859 Nec
226 815 279 861 me
294 797 364 863 ista
377 799 465 863 salso
488 800 654 865 criminari
676 803 755 884 quis
777 811 899 886 putet:
922 804 1096 869 ostendum
1111 824 1187 890 ego,

98 899 133 961 ut
145 916 253 980 spero,
267 900 552 981 elegantissimum
567 910 601 969 et
614 904 854 970 nitidissimum
877 906 1080 989 Scriptorum
1103 907 1188 973 Cur-

97 996 175 1159 plium
188 1001 327 1080 graviter
339 1002 520 1087 deliquisse
544 1006 688 1070 nominis
713 1008 947 1071 communione
968 1016 1001 1073 et
1022 1009 1187 1076 societate

118 1111 276 1183 eceptum.

227 1303 396 1370 Burnubae
411 1304 576 1372 Brissonii
590 1307 634 1373 de
650 1307 737 1390 Reg.
753 1308 932 1375 Persarum
948 1310 1006 1375 lib.
1026 1326 1049 1373 ι.

134 1446 186 1515 Ac
209 1472 249 1516 ue
276 1452 351 1536 quis
374 1474 396 1520 u
418 1475 536 1538 parum
560 1456 681 1522 idoneo
706 1457 854 1523 Auctore
875 1460 1182 1544 interpretationem

96 1558 234 1619 sumtum
251 1556 450 1640 suspicetur,
470 1558 609 1624 Curtius
630 1559 686 1625 bic
710 1580 755 1625 ex
777 1561 873 1646 cujus
889 1564 1023 1646 scriptis
1044 1566 1144 1629 toties
1166 1587 1187 1631 a

94 1673 145 1717 me
159 1658 344 1721 auctoritas
366 1658 400 1723 iu
415 1660 469 1725 his
491 1661 586 1727 libris
610 1664 655 1727 ed
673 1663 859 1728 faciendam
874 1663 972 1729 fidem
988 1666 1123 1749 petitur,
1146 1668 1188 1732 iis

94 1758 298 1841 temporibus
319 1760 418 1840 vixit,
434 1762 555 1845 quibus
577 1764 685 1829 bonas
711 1773 799 1830 artes
825 1776 860 1829 et
885 1768 999 1833 studia
1014 1768 1184 1833 literarum

94 1856 244 1925 floruisse
259 1880 357 1926 nemo
370 1862 510 1929 inficiari
524 1866 645 1948 possit.

357 2058 450 2124 Petri
465 2058 575 2123 Bizari
592 2058 673 2124 Rer.
689 2060 784 2126 Pers.
799 2062 860 2131 lib·
876 2079 918 2128 ιι.

131 2190 163 2257 A
180 2191 226 2272 Q.
242 2192 372 2271 Curtio,
386 2194 517 2279 Latino,
541 2202 668 2277 arguto,
693 2198 837 2281 eleganti
858 2204 891 2263 et
913 2217 1056 2262 nervoso
1072 2198 1185 2283 Serip-

92 2298 169 2372 tore,
183 2294 303 2362 barum
319 2298 468 2379 cognitio
482 2297 628 2381 petendu
642 2308 709 2364 est.

490 2496 514 2561 J
517 2516 590 2561 oun.
611 2498 785 2563 Bernartii.

130 2628 263 2695 Caesari
278 2630 431 2696 comitem
454 2632 498 2697 do
513 2630 556 2711 Q.
572 2629 737 2710 Curtium,
753 2652 852 2717 quern
876 2632 961 2698 adeo
982 2632 1067 2697 iuter
1080 2633 1186 2697 selec·

91 2734 141 2793 tos
154 2750 330 2797 recensere
344 2752 410 2797 non
425 2732 554 2810 dubito,
570 2738 605 2799 ut
618 2735 703 2797 iuter
717 2736 867 2817 optimos
885 2736 995 2799 locum
1015 2732 1065 2798 illi
1081 2732 1184 2797 fiden-

89 2836 138 2893 ter
152 2832 310 2895 tribuum.
340 2866 348 2883 ι

295 3014 317 3079 J
320 3016 388 3081 usti
402 3016 513 3102 Lipsii
527 3019 561 3083 in
578 3016 681 3083 Notis
697 3019 741 3083 ad
756 3018 859 3083 Polit.
873 3018 930 3082 lib.
946 3034 970 3082 ι.

127 3164 327 3248 Sequuntur
352 3165 541 3252 Scriptores
565 3167 634 3233 duo
660 3168 750 3231 velut
777 3167 903 3251 proprii
930 3167 1130 3250 principum,
1152 3170 1185 3227 et

87 3267 227 3335 assidue
238 3266 328 3333 iisiu
341 3286 443 3333 manu
464 3269 604 3352 sinuque
627 3268 782 3345 habendi,
806 3266 851 3346 Q.
875 3267 1025 3344 Curtius,
1044 3267 1104 3349 qui
1126 3285 1180 3329 me

81 3370 197 3453 judice
223 3370 348 3453 probus
370 3375 421 3435 ost
444 3370 679 3455 legitimusque
696 3370 902 3445 Historious,
928 3369 957 3431 si
984 3368 1183 3449 quisquam:

85 3472 249 3539 iuitmira
263 3474 298 3537 in
313 3490 464 3543 sermone
485 3473 558 3556 eJus
581 3471 739 3547 facilites,
761 3471 794 3536 iu
814 3468 1062 3534 narrationibus
1074 3467 1184 3549 lepor,

85 3574 248 3639 astrictus
261 3572 352 3637 idem
367 3578 403 3635 ot
415 3572 592 3656 profluens,
606 3572 740 3637 subtilis
755 3576 790 3635 et
803 3570 926 3646 clerus,
941 3570 1014 3634 siue
1030 3587 1112 3635 cura
1125 3569 1185 3633 illu

85 3680 280 3750 accuratus,
295 3693 393 3739 verus
413 3676 448 3739 iu
465 3674 616 3758 judiciis,
641 3678 778 3755 argutus
803 3674 836 3737 in
856 3671 1044 3747 sententiis,
1058 3671 1092 3733 in
1106 3688 1183 3733 ora·

84 3778 237 3843 tionibus
251 3777 391 3843 mirifice
413 3768 586 3843 iucundus.
633 3774 737 3855 Quod
760 3776 790 3841 si
813 3774 940 3840 verium
963 3772 1071 3853 magis
1086 3790 1182 3851 ergu-

85 3886 236 3947 meutum
259 3878 444 3957 habuisset,
471 3880 543 3945 siue
567 3879 670 3945 dubio
689 3879 793 3945 verite
814 3874 998 3961 prudentiae
1021 3872 1182 3936 eximium

84 3983 194 4063 magis
220 3981 390 4063 specimen
419 3981 629 4065 praebuisset.
682 3980 751 4045 Sed
778 3977 975 4047 Alexander
1003 3974 1085 4058 quid
1114 3973 1181 4036 nisi

83 4082 196 4149 bellat
241 4082 336 4166 [Hoc
358 4082 401 4145 de
423 4082 519 4149 bellis
543 4089 670 4149 tuntum
692 4082 856 4165 judicium
870 4078 981 4162 Lipsii
1004 4096 1083 4141 vero
1097 4076 1180 4158 Ery-

84 4184 159 4249 cius
176 4182 350 4252 Puteanus
365 4182 548 4263 refutavit]
