2925 4867
253 408 299 476 dil
653 420 681 473 t.
706 418 956 474 rnnrnsnartrr

256 576 385 649 quantus
397 564 487 626 horno
501 575 682 638 nasceretur,
697 584 845 626 consensu
860 563 996 625 traditur.
1039 562 1235 642 Obslgnatam
1247 560 1350 643 Olym·

255 663 352 743 piadis
361 661 459 724 alvum
472 660 594 734 annulo,
605 660 690 741 cnjus
699 659 851 741 sculptura
860 660 976 720 leonem
985 660 1147 741 prmiarrct,
1157 676 1210 739 per
1219 659 1350 739 quietem

256 758 408 840 Philippus
429 756 526 819 vidit.⁰
565 758 615 819 23.
638 757 732 836 Cujus
756 756 798 817 rei
819 757 990 817 memoriam
1015 756 1141 817 serravit
1160 755 1349 825 Alexandria,

255 874 343 933 quam
356 854 386 913 in
402 854 531 933 AEgypto
544 851 707 923 conditam,
731 851 913 931 aliquamdiu
935 851 1139 933 Leontopolim
1153 850 1350 931 appellavere.

254 950 333 1010 Nam
356 949 394 1009 de
417 947 579 1009 Alexandri
593 947 838 1029 magnanimitate
851 957 882 1007 et
896 950 1000 1009 robore
1013 947 1160 1009 somnium
1173 946 1247 1007 illud
1262 946 1353 1007 inter·

255 1056 388 1127 pretatur
402 1054 466 1107 erat
479 1044 654 1105 Aristander
666 1042 860 1122 peritissimus
874 1052 987 1115 vatum,
1008 1044 1061 1125 qui
1079 1052 1185 1124 postea
1204 1059 1305 1103 comes
1324 1042 1352 1102 ei

255 1142 353 1213 hesir,
377 1142 528 1220 sacrisque
551 1140 616 1219 ejus
641 1139 768 1219 praeluit.
809 1142 859 1199 24.
882 1139 951 1208 Qua
972 1149 1071 1199 autam
1096 1150 1183 1199 nocte
1198 1137 1351 1219 Olympias

255 1238 378 1317 peperit,
393 1236 512 1297 maximi
526 1255 578 1315 per
586 1235 690 1295 Asiam
704 1234 832 1295 nominis
845 1234 988 1314 templum
1002 1232 1142 1315 Ephesia)
1156 1233 1263 1293 Dianas
1275 1233 1351 1313 mnis

255 1334 380 1394 hausitr
428 1331 573 1393 intulerat
599 1350 667 1391 eum
694 1330 851 1410 cujusdam
874 1330 1003 1391 hominis
1030 1328 1139 1411 perditi
1165 1329 1269 1397 iuror;
1301 1328 1352 1408 qni

255 1428 486 1509 comprehensus
500 1436 665 1505 tortusque,
679 1445 739 1487 non
755 1426 813 1486 alia
827 1437 926 1487 mente
940 1426 970 1486 id
984 1424 1168 1487 commisisse
1182 1426 1280 1485 ment
1294 1436 1351 1496 est,

256 1542 344 1603 quam
357 1534 391 1584 ut
403 1540 513 1604 magno
527 1522 626 1603 aliquo
641 1521 772 1582 facinore
786 1522 956 1581 memoriam
968 1524 1015 1581 sui
1028 1522 1198 1583 diuturnam
1211 1520 1351 1581 efficeret.

256 1624 305 1679 25.
328 1619 407 1699 Ergo
418 1628 480 1678 tam
492 1618 564 1677 ioedi
578 1616 704 1696 exempli
717 1616 833 1677 cladem
846 1636 909 1677 non
922 1617 1008 1679 istius
1022 1628 1137 1679 tanturn
1150 1617 1225 1677 sadis
1241 1615 1351 1677 damno

255 1716 438 1775 estimarere
454 1712 546 1792 Magi,
559 1713 609 1794 qui
624 1723 686 1774 tum
711 1713 822 1793 Ephesi
844 1713 1012 1794 degebants
1033 1734 1133 1775 verum
1156 1734 1210 1794 pro
1232 1713 1351 1792 maJ‘oris

255 1813 347 1872 ruinas
362 1810 509 1891 praesagio
523 1810 677 1883 habentes,
690 1818 782 1871 totam
797 1810 900 1871 urbem
914 1810 1028 1871 moestis
1040 1811 1199 1892 implevere
1218 1809 1351 1871 clamori·

255 1910 330 1969 bus:
353 1915 505 1967 ‘exortam
529 1905 636 1966 alicubi
651 1907 756 1977 facem,
769 1904 854 1985 cujus
867 1905 1016 1979 incendio,
1030 1907 1152 1967 similem
1166 1908 1204 1965 ob
1216 1924 1350 1975 oausam,

256 2014 335 2064 totus
358 2003 428 2065 olim
453 2002 560 2063 Oriens
583 2001 820 2079 conflagraturos
842 2002 963 2063 esset's
1003 2004 1054 2062 26.
1083 2002 1247 2080 Forte·per
1272 2000 1351 2061 idem

255 2109 373 2180 tempus
393 2098 560 2160 Potidoeam
582 2096 807 2157 Atheniensium
830 2096 978 2158 coloniam
1000 2096 1156 2177 Philippus
1181 2098 1350 2177 subegerat,

255 2215 323 2257 cum
346 2205 377 2257 et
399 2195 538 2275 Olympia
560 2188 711 2274 quadrigis
727 2212 760 2253 se
772 2192 878 2253 vicisse
891 2193 1049 2272 cognovit:
1071 2203 1103 2252 et
1115 2210 1134 2251 a
1146 2190 1351 2266 Parmenione,

255 2310 344 2371 quern
359 2292 388 2350 in
406 2290 538 2371 illyricos
551 2291 681 2363 miserat,
694 2289 813 2369 majoris
836 2290 976 2349 momenti
1000 2288 1120 2349 nuntius
1142 2288 1234 2361 venit,
1255 2288 1351 2348 ‘lusis

255 2386 368 2466 ingenti
387 2384 489 2465 praelio
509 2384 652 2457 barbaris,
676 2384 860 2445 Macedonas
882 2402 1022 2464 prospere
1042 2382 1259 2464 pugnavisse.''
1299 2386 1351 2443 27.

256 2480 408 2541 Exultanti
419 2490 478 2541 tam
488 2480 558 2544 lmto
567 2480 676 2559 ubique
686 2492 822 2542 votorum
830 2479 911 2542 exitu
919 2482 1008 2543 etiam
1018 2479 1057 2543 de
1068 2478 1254 2560 Olympiadis
1264 2490 1354 2559 partu

255 2576 454 2639 renuntiatum
467 2586 532 2638 eat:
555 2596 609 2639 neo
622 2577 793 2639 dubitavere
815 2588 909 2650 rates,
930 2578 1090 2639 ‘invictum
1110 2579 1182 2650 iore,
1202 2577 1255 2657 qui
1274 2576 1353 2638 inter

254 2684 300 2735 tot
314 2672 500 2733 victoriarum
512 2672 628 2753 palmas
643 2672 835 2733 nasceretur!
867 2676 919 2733 28.
941 2673 1052 2735 Ferunt
1065 2683 1110 2734 tot
1123 2672 1211 2734 simul
1227 2692 1353 2755 prospe·

255 2789 352 2829 rarum
371 2788 467 2829 rerum
481 2768 600 2828 cumulo
614 2768 772 2829 attonitum
787 2786 896 2848 regem,
910 2778 943 2828 et
955 2768 1094 2829 invidiam
1106 2769 1204 2829 Deum
1215 2769 1352 2841 veritum,

254 2866 387 2926 oravisse
407 2864 558 2937 Nemesin,
580 2870 636 2925 ‘ut
663 2865 719 2925 hoo
748 2865 876 2925 fortunas
900 2866 1076 2944 obsequium
1103 2864 1221 2925 modica
1250 2866 1352 2946 aliqua

255 2960 423 3022 calamitate
434 2960 536 3021 ulcisci
549 2970 691 3021 contenta
704 2960 799 3020 soret!
839 2961 888 3020 29.
912 2959 1065 3024 Proditum
1078 2962 1166 3022 etiam
1180 2971 1227 3022 est
1236 2978 1351 3023 memo·

254 3058 316 3129 rica,
338 3064 346 3092 ⁴
358 3058 388 3119 in
402 3056 511 3138 oppido
525 3057 629 3129 Pella,¹
641 3056 718 3118 duas
729 3056 843 3136 aquilas
854 3057 885 3117 in
892 3057 1020 3119 eulmine
1033 3057 1152 3131 domna,
1165 3058 1218 3117 ubi
1225 3078 1350 3140 puerum

251 3154 341 3213 enixa
368 3164 432 3213 erat
457 3154 570 3232 regina,
599 3162 662 3213 tota
689 3152 739 3213 die
756 3138 957 3232 'persedisser
985 3154 1094 3233 gemini
1120 3172 1173 3233 per
1200 3153 1350 3235 Europam

255 3248 416 3329 Asiamque
439 3250 552 3329 imperii
574 3250 731 3328 'augurium
756 3250 786 3309 id
802 3250 915 3322 inisse,'
927 3259 997 3329 post
1007 3262 1146 3310 eventum
1159 3249 1245 3310 iacile
1260 3252 1350 3311 inter·

253 3346 359 3425 pretati
372 3358 453 3407 sunt.
491 3346 630 3405 ‘Terram
640 3364 758 3425 quoque
772 3358 834 3408 tum
846 3348 986 3419 movisse,
999 3365 1195 3425 magnamque
1208 3338 1352 3409 tonitruo·

254 3460 318 3501 rum
332 3441 544 3521 fulminumque
558 3442 617 3501 vim
631 3444 763 3521 erupisse
776 3442 873 3515 coelo,'
892 3455 1028 3503 auctores
1039 3442 1146 3502 habeo.
1187 3444 1236 3502 ³0.
1253 3443 1350 3505 Natus

254 3547 301 3595 est
322 3549 431 3607 autern,
453 3548 487 3595 ut
510 3536 706 3597 accuratiores
735 3535 866 3609 tradunt,
886 3537 1045 3618 incipiente
1068 3536 1245 3618 Olympiade
1266 3552 1352 3601 serta

254 3649 345 3711 supra
370 3630 573 3704 centesimam,
600 3643 725 3711 praetore
740 3631 867 3692 Athenis
889 3633 1006 3712 Elpine,
1028 3633 1066 3693 A.
1081 3633 1121 3694 D.
1139 3652 1204 3693 xrr.
1220 3633 1352 3698 Kalend.

255 3726 357 3789 Sextii.
381 3746 467 3805 quem
491 3738 553 3787 tum
576 3745 708 3787 mensem
733 3727 916 3791 Macedones
938 3730 1068 3791 ‘Loum’
1088 3731 1272 3791 vocabantz¹
1290 3753 1350 3813 quo

254 3832 385 3899 tempore
399 3838 468 3902 pop.
485 3822 572 3884 Rom.
586 3822 911 3903 quadringentesimum
924 3827 985 3887 iere
999 3844 1108 3887 annum
1119 3841 1224 3906 agenn
1237 3829 1350 3889 vicino-

286 4019 298 4043 θ
309 4010 378 4060 l'lut.
391 4008 467 4059 Alex.
480 4023 506 4073 p.
517 4014 575 4061 665.
852 4013 913 4063 ¹1d.
927 4015 944 4063 l.
952 4014 969 4063 Ι.
979 4013 1077 4064 lustin.
1086 4026 1137 4065 ιιι.
1144 4018 1184 4065 16.

286 4092 298 4151 ¹3
310 4084 350 4135 ld.
361 4085 401 4136 l.l.
418 4086 473 4137 Cic.
486 4086 518 4135 de
534 4087 594 4137 Nat.
605 4086 684 4137 Deor.
697 4100 728 4139 rr.
737 4091 779 4140 26.
851 4098 861 4123 ⁸
872 4090 964 4153 Pomp.
975 4088 1086 4139 Melan.
1098 4094 1122 4141 ⁸.

139 4160 150 4183 ‘
252 4164 339 4211 valer.
352 4162 545 4214 Mamertus.
853 4166 861 4197 ⁸
876 4164 949 4215 Pint.
967 4178 993 4230 p·
1004 4168 1063 4215 666.

285 4245 297 4278 ⁴
308 4237 362 4289 Cic.
373 4238 406 4288 de
419 4238 508 4291 Diria.
516 4253 534 4289 r.
543 4242 584 4288 22.
