2925 4867
392 400 450 449 οι..
473 400 568 450 oxu.
590 384 623 449 8.
660 403 697 451 ι.
722 400 783 450 cn.
806 402 844 449 rr.
865 385 940 451 329.
1149 389 1214 455 529

116 549 252 608 traxere
274 544 388 609 vitam.
431 542 486 610 26.
510 544 726 610 Bactrianaer
749 551 844 609 terrae
868 544 1041 628 multiplex
1065 552 1097 611 ei
1120 550 1214 613 ua'ria

116 656 234 708 natura
255 650 326 709 cst:
349 645 431 709 alibi
446 644 548 709 mulin
564 646 662 710 arbor
675 654 711 710 et
725 646 804 710 vilis
816 646 926 727 largos
943 647 1105 731 mitesque
1126 650 1214 713 sruc-

117 752 175 810 tus
189 747 267 811 alitr
289 748 399 811 sulum
421 747 544 829 pingue
569 749 675 812 crebri
697 748 806 813 sontes
830 748 960 830 rigant:
983 768 1060 832 quae
1082 750 1213 815 mitiora

118 852 205 924 sunl,
226 847 391 912 frumento
412 853 638 925 conseruntur,
654 856 769 914 cetera
783 852 1001 913 armentorum
1017 852 1142 933 pabulo
1157 871 1211 915 ce·

116 950 206 1013 duni.
248 951 302 1014 27.
326 949 482 1031 Magnam
497 950 615 1014 deinde
637 958 768 1032 partem
791 950 941 1034 ejusdem
963 958 1060 1017 temae
1083 955 1213 1019 steriles

116 1070 224 1115 arenae
240 1056 369 1116 tenentr
391 1050 548 1134 squalida
570 1051 722 1115 siccitate
743 1052 835 1133 regio
858 1068 926 1115 uon
948 1051 1122 1127 hominem,
1145 1076 1212 1119 non

114 1151 240 1234 frugem
256 1153 334 1218 alit:
356 1172 433 1217 cum
449 1171 530 1217 vero
545 1154 636 1218 venti
650 1172 671 1217 a
685 1153 853 1219 Ponticoq
868 1154 951 1218 mari
967 1155 1107 1237 spirant,
1120 1158 1213 1239 quic-

115 1254 196 1335 quid
211 1255 320 1319 sabuli
334 1255 368 1318 in
382 1254 513 1337 campis
521 1254 626 1337 jacet,
640 1261 849 1321 converrunt.
894 1254 993 1333 Quod
1017 1258 1075 1321 ubi
1095 1276 1212 1323 cumu-

115 1355 223 1419 latum
237 1362 300 1429 cat,
314 1374 506 1438 magnorum
521 1355 657 1420 collium
672 1356 793 1437 procul
809 1356 942 1438 species
956 1364 1020 1435 est,
1034 1358 1212 1441 omniaque

114 1456 247 1539 pristini
271 1456 399 1521 itineris
415 1457 555 1538 uestigia
577 1457 752 1521 intereunt.
796 1456 851 1521 28.
876 1456 995 1540 Itaque
1011 1460 1070 1541 qui
1084 1464 1211 1525 transc-

114 1564 176 1622 unl
190 1558 596 1640 camponnavigantium'
609 1557 709 1621 modo
722 1562 822 1621 nocio
839 1556 950 1621 sidera
965 1559 1154 1637 observant,
1169 1561 1213 1625 nd

114 1676 399 1740 quommcuraum
422 1658 486 1722 ilar
508 1657 662 1739 dirigunt,
685 1668 719 1722 ct
744 1658 986 1742 propemodum
1007 1660 1214 1725 clariorem·

112 1760 224 1823 noctis
239 1760 368 1838 umbra,
381 1778 483 1842 quam
497 1759 579 1823 lux:
599 1759 654 1823 29.
669 1761 749 1841 ergo
772 1760 914 1823 interdiu
935 1761 1028 1825 invia
1042 1769 1094 1827 est
1108 1763 1212 1843 regio,

75 1942 81 1951 Ι
113 1860 195 1943 quia
215 1880 275 1925 nec
300 1860 487 1943 veafigium,
510 1859 602 1943 quod
625 1869 821 1943 sequantur,
846 1862 1028 1938 inveniunt,
1053 1871 1089 1927 et
1118 1864 1209 1927 nitor

573 2022 617 2044 m
620 2023 752 2043 nomeu

112 2118 264 2179 muriani
273 2124 337 2171 uni.
368 2121 442 2170 vom.
453 2124 478 2169 2.
489 2122 614 2171 eximiam
621 2123 769 2171 cilum—26
785 2121 842 2170 Pel.
857 2125 879 2171 1.
889 2137 920 2171 ea
929 2122 1006 2171 curin.
1039 2122 1113 2170 Vnae.
1123 2126 1148 2171 2.
1160 2124 1210 2171 lor·

40 2211 45 2217 ·
109 2185 301 2246 curandaeque.
333 2184 574 2248 Danmlarnpirrge.
606 2187 682 2236 Voaa.
692 2190 718 2235 2.
727 2186 809 2235 bubulo
819 2187 921 2241 aedunt:
944 2185 1210 2249 Aldpodrrloroedaar.

112 2250 181 2294 -27
197 2246 634 2298 Floreul.-clLeid.rierilarurenoe.
669 2249 744 2299 Voss.
762 2255 786 2299 2.
803 2263 845 2298 nec
855 2250 963 2310 frugem.
997 2250 1112 2299 Floram.
1134 2250 1209 2299 laid.

112 2310 193 2360 Vnae.
210 2315 233 2359 1.
249 2310 319 2359 Pilia.
330 2317 357 2360 el
368 2312 435 2362 Mer.
444 2313 526 2374 pedali
535 2314 560 2362 ia
578 2314 666 2377 campio
673 2330 683 2371 ;
705 2314 782 2363 Voss.
794 2316 818 2361 2.
830 2319 857 2361 et
870 2315 953 2375 Bong.
962 2314 1065 2375 pulverio
1076 2314 1101 2362 in
1112 2316 1209 2375 complu.

112 2374 192 2422 Voce.
207 2377 233 2422 2.
248 2382 276 2423 et
290 2376 348 2424 Pal.
360 2379 383 2423 l.
393 2377 539 2434 emerium
564 2378 634 2426 Mer.
645 2386 672 2426 et
687 2376 748 2426 Bar·
758 2381 903 2426 coarmtunl.
939 2376 1023 2440 Boug.
1037 2384 1060 2426 i.
1073 2378 1142 2433 Quod
1152 2378 1209 2428 illie.

113 2438 390 2487 Florenucoraulalanr.
423 2440 481 2488 Pal.
494 2442 625 2491 hominii
635 2443 724 2503 procul.
759 2442 828 2489 Dan.
839 2447 867 2487 et
878 2440 935 2488 Pal.
948 2446 970 2489 1.
986 2441 1101 2503 munique.
1134 2442 1209 2492 Voss.

110 2506 140 2551 2.
150 2502 251 2562 calicia
262 2506 434 2565 patema-28
451 2503 528 2553 Voaa.
544 2508 569 2553 2.
587 2504 672 2568 licque
686 2518 729 2567 per
747 2508 879 2560 irenaeum,
889 2511 917 2552 et
929 2518 987 2552 mox
999 2510 1063 2553 moia
1075 2520 1121 2568 pro
1132 2512 1212 2563 ucria,

111 2566 184 2627 qnod
194 2565 269 2614 deant
282 2566 306 2613 in
317 2567 386 2616 Piilr.
412 2568 490 2616 carior
506 2573 542 2617 cri
552 2569 626 2618 Voaa.
639 2571 728 2617 i.-—au
745 2567 860 2616 Florem.
873 2568 946 2616 laid.
958 2568 1032 2617 Vosa.
1045 2571 1069 2615 1.
1085 2570 1169 2631 [long.
1181 2580 1210 2617 er

111 2630 185 2678 Dan.
194 2643 251 2689 ergo
260 2630 287 2678 in
296 2630 336 2678 die
343 2645 353 2688 ,·
378 2630 460 2693 Bong.
475 2636 497 2679 l.
507 2647 564 2693 ergo
575 2632 652 2692 indier,
663 2641 691 2679 ct
708 2637 768 2695 post
785 2632 891 2694 primam
904 2632 962 2694 cyil.
973 2644 1099 2694 ruprarcr.
1112 2638 1121 2679 t
1135 2632 1211 2681 litera

111 2706 174 2741 curn
186 2693 235 2741 alia
246 2692 353 2756 insopor
363 2694 458 2743 lineola
469 2708 515 2758 per
526 2696 606 2757 ipram
618 2697 705 2745 ducta.
739 2694 811 2743 Laid.
833 2702 860 2744 et
878 2694 954 2743 Vere.
974 2699 997 2743 1.
1019 2695 1073 2757 pain
1089 2696 1130 2757 qai
1148 2711 1209 2751 nec:

111 2756 197 2819 Boug.
214 2757 359 2820 nquina-
382 2757 429 2808 rad
448 2759 476 2806 in
494 2758 612 2823 Boupl.
629 2759 671 2823 qui
689 2759 816 2822 axacdpt.
850 2758 1082 2823 Aldquioornmi.
1116 2758 1173 2808 Pal.
1188 2763 1210 2808 l.

602 2903 709 2954 NOTAE

145 3018 159 3051 Ρ
176 3010 326 3075 Bmtriuaoe]
346 3012 556 3065 ABaclriaorba
568 3018 640 3081 regia
711 3024 721 3050 ¹
738 3016 924 3079 Nurigunlirmr]
945 3017 1033 3067 Simile
1044 3016 1164 3081 quiddam
1177 3016 1210 3065 de

108 3088 169 3136 aire
186 3101 203 3135 a
218 3086 317 3137 Bactro
337 3085 414 3137 fluuio
431 3103 525 3140 noman
536 3093 641 3155 accepit
680 3091 764 3155 Libya
780 3092 881 3142 dixerat
901 3093 944 3143 nb.
954 3106 991 3142 ιι.
1007 3107 1064 3156 cap.
1075 3097 1098 3141 7.
1116 3093 1209 3143 mollo-

107 3162 254 3211 Baclriana
268 3162 434 3227 regimcnjua
447 3166 549 3215 termini
565 3175 641 3216 crant
679 3183 729 3231 que
750 3168 897 3232 expressim
915 3169 1041 3219 Arrianus
1052 3168 1097 3219 lib.
1108 3181 1149 3217 ιιι.
1168 3168 1210 3217 ariri

108 3236 147 3286 ab
155 3236 258 3287 ocean
266 3238 401 3302 Margiana
409 3256 416 3300 ς
425 3256 441 3290 a
449 3240 561 3292 Meridie
569 3242 641 3303 Aria,
681 3242 822 3291 Alexandri
834 3242 885 3291 ilar
894 3242 926 3291 ad
937 3244 1106 3292 Hammonem
1115 3242 1211 3291 deacri-

108 3311 640 3381 οῖΡιιιριοιίιοιμοθιῐοῐοοίοροιις
681 3316 728 3367 bil.
762 3316 829 3366 Itum
842 3318 998 3367 Plutarchus
1010 3319 1035 3367 in
1049 3318 1124 3367 ΑΙοι.

107 3407 126 3440 a
138 3390 332 3454 Saplemlrione
343 3392 417 3442 Onna
428 3392 520 3445 fluvium
533 3396 640 3459 Sogdia·
712 3400 722 3425 ⁰
740 3393 835 3442 Glorior
846 3395 894 3457 erl]
918 3392 987 3443 Quid
1008 3394 1060 3442 ila?
1078 3406 1137 3442 nam
1156 3394 1210 3443 aive

106 3479 172 3515 nam
194 3479 209 3514 a
227 3466 369 3517 Bactriana
387 3466 517 3520 dirimens.
551 3472 640 3523 Qum.
680 3477 759 3517 noctu
771 3483 873 3533 qnoque
888 3470 958 3517 venri
975 3470 1085 3533 spirant,
1099 3484 1138 3519 nm
1149 3469 1211 3519 fari-

107 3556 190 3605 qnam
202 3541 353 3603 Bactriana,
367 3558 426 3595 cnm
443 3546 520 3596 latina
533 3547 640 3608 dicium,
682 3544 731 3592 lim
743 3543 871 3593 modicum
883 3546 949 3593 lonae
961 3552 1004 3593 aur
1015 3546 1147 3595 stellarum
1159 3545 1209 3595 ful·

105 3617 268 3681 Sogdianam
278 3632 381 3684 quoqne
395 3622 520 3671 continet.
553 3623 639 3672 Hodie
681 3632 768 3681 goram
778 3619 1043 3670 obscurabautnranae
1052 3622 1136 3671 rantis
1145 3620 1210 3671 effu·

106 3708 173 3758 pm
194 3702 234 3743 ear
253 3694 364 3756 regioni·
382 3710 458 3760 qnam
476 3700 640 3762 appellarunt
680 3707 727 3751 aa,
744 3708 819 3755 qnam
830 3692 947 3744 diurnum
963 3696 1023 3746 rolin
1035 3698 1135 3747 lucem:
1155 3698 1209 3745 aire

107 3771 246 3820 camna.
679 3770 744 3817 nulli
756 3770 857 3832 spirant
868 3771 947 3831 nauli,
957 3772 1018 3836 qnid
1032 3780 1071 3821 ent
1080 3786 1131 3837 qno
1142 3771 1210 3820 diur-

145 3846 282 3909 appuliae]
294 3846 416 3909 carpium
425 3846 481 3896 circ
490 3847 640 3912 Hyrcanum
680 3858 739 3893 nam
767 3844 849 3893 lucam
878 3846 962 3895 noclia
989 3846 1080 3896 umbra
1104 3846 1208 3897 vincere

102 3922 238 3985 intellige,
257 3934 366 3985 quocum
386 3922 513 3971 Euxinum
532 3921 638 3972 confon-
681 3920 778 3984 queat?
804 3921 945 3983 sicigitur
966 3922 1143 3985 accipiendum
1163 3938 1209 3986 pu·

104 3998 163 4057 dil,
174 3995 319 4047 ordiximur
328 4010 388 4061 cap.
397 4000 421 4045 2.
437 3996 639 4061 Etriuirnmqne
681 4004 743 4058 iem,
752 4004 779 4045 οι
790 4010 841 4046 οοο
853 3997 935 4059 major
943 3998 1044 4061 qnidam
1056 3998 1099 4046 ilia
1107 3998 1141 4047 ait
1149 4013 1209 4047 ncc-

106 4086 203 4122 vcrnm
223 4077 273 4130 cat,
293 4076 382 4120 ventor
401 4071 445 4135 qni
464 4071 498 4120 ab
513 4072 639 4135 Hyrcano
681 4072 802 4135 linquam
814 4072 866 4121 diei
883 4073 935 4131 lux,
946 4073 993 4121 aad
1010 4073 1149 4123 viatoribus
1164 4089 1210 4137 op-

106 4149 182 4199 Mari
198 4146 364 4197 Bactrianam
376 4145 498 4210 perflant,
509 4148 639 4198 eoadem·
681 4148 823 4221 pernicior,
843 4148 902 4210 quia
920 4156 998 4197 noctu
1018 4149 1104 4197 rtellaa
1123 4148 1210 4199 obaer-

104 4221 432 4284 Poulicoatiamrpirarc.
679 4236 740 4272 vara
762 4232 877 4286 possunt,
898 4238 1005 4288 quarum
1026 4231 1135 4289 aspectu
1159 4226 1208 4274 iter

177 4301 265 4365 Delplr.
274 4310 299 4352 el
309 4303 366 4353 Vor.
377 4303 442 4354 Cius.
609 4304 640 4359 Q.
652 4305 721 4355 eurr.
1090 4310 1105 4354 2
1125 4307 1144 4354 Ι.
