2925 4867
488 360 523 419 c.
546 339 679 436 suanir
706 358 795 407 nusi
824 356 896 405 nra.
921 358 956 405 v.
1202 342 1269 407 419

165 506 240 577 post
260 507 345 559 tanta
366 498 396 557 in
412 516 460 559 me
475 518 615 579 meosque
629 501 734 561 merita
747 498 889 560 adversus
902 484 1162 560 clementissimum
1176 500 1270 561 victo·

118 653 125 659 ,
169 612 233 651 rem
245 582 365 654 inimico
380 593 540 654 vivendum
559 595 626 667 luit,
648 602 678 655 et
698 614 779 655 nuuc
801 596 915 673 ingrato
936 594 1119 655 moriendum
1141 606 1198 657 est.
1239 600 1271 660 4.

172 688 235 748 Sed
249 690 346 768 siqua
365 691 525 769 postremis
538 692 709 751 miserorum
725 692 802 752 votis
817 690 897 771 apud
913 692 994 752 Deos
1009 691 1053 752 vis
1075 702 1132 763 cst,
1152 703 1182 751 et
1202 711 1270 754 curn

168 784 238 865 ipso
252 786 357 864 spiritu
375 787 512 867 profusas
536 808 640 868 preces
664 789 762 849 mitius
781 788 903 869 aliquod
924 808 1033 848 numen
1055 787 1199 856 exaudit;
1221 788 1271 849 ille

168 882 293 959 quidem
308 902 412 963 sospes
436 894 467 944 et
487 885 656 958 incolumis,
670 886 818 966 longeque
829 904 919 965 supra
933 882 1105 966 contagium
1119 905 1193 947 meae
1209 904 1271 945 sor-

170 977 213 1037 tis
235 988 265 1037 et
286 977 427 1039 invidiam
449 980 575 1041 fortunae
600 982 726 1062 positus,
747 981 778 1041 io
805 982 880 1041 solio
903 982 973 1061 Cyri
983 982 1138 1061 gloriosam
1153 990 1272 1042 aetateru

170 1074 291 1154 exig-at:
313 1078 562 1156 suasquerirtutis
577 1097 697 1149 memor,
712 1098 780 1137 eum
795 1078 879 1137 matri
900 1077 1058 1157 liberisque
1079 1080 1151 1139 meis
1173 1079 1270 1139 locum

172 1170 256 1249 apud
272 1190 305 1231 se
319 1191 387 1232 esse
401 1174 542 1253 patiatur,
565 1194 654 1253 quem
673 1173 717 1233 illi
740 1172 799 1234 fide
822 1184 853 1234 ct
875 1175 1017 1253 obsequio
1039 1175 1219 1235 meruerint:
1241 1186 1273 1233 at

169 1266 336 1346 parricidas
350 1279 497 1348 promtum
511 1272 630 1331 exitium
644 1280 854 1350 consequatur,
874 1270 955 1350 quod
972 1270 1143 1330 Alexander
1163 1271 1273 1351 irroge-

169 1362 229 1434 bit,
252 1364 279 1423 si
298 1384 358 1425 non
377 1366 578 1427 misericordia
590 1365 717 1427 infelicis
730 1366 837 1439 bostis,
851 1366 959 1426 saltem
972 1366 1041 1425 odio
1055 1366 1229 1436 facinorum,
1244 1375 1275 1426 et

172 1479 214 1519 ne
227 1459 371 1540 impunita
385 1462 414 1521 in
429 1462 552 1523 aliorum
567 1464 655 1522 etism
667 1482 770 1542 regum
783 1482 927 1542 suumque
937 1462 1031 1542 ipsius
1043 1463 1163 1523 exitium
1177 1482 1274 1523 erum·

171 1556 269 1634 pant!
310 1561 340 1616 5.
361 1557 512 1629 Posthmc,
530 1579 597 1620 cum
630 1559 677 1620 siti
699 1572 867 1637 augeretur,
889 1556 979 1618 allata
1000 1577 1052 1636 per
1074 1557 1274 1637 Polystratum

172 1670 255 1733 aqua
268 1660 442 1726 recreatus*
462 1654 582 1733 ‘Erga'
602 1654 654 1726 ait,
675 1655 771 1715 ‘hanc
787 1654 876 1714 etiam
889 1655 980 1713 tantis
990 1653 1207 1715 calamitatibus
1222 1674 1274 1714 ex·

172 1758 300 1807 tremam
314 1748 456 1809 accedere
469 1749 610 1830 oportuit,
624 1761 658 1810 nt
671 1750 853 1810 benemerito
865 1751 990 1829 gratiam
1004 1752 1111 1811 referre
1129 1770 1188 1811 non
1205 1769 1276 1833 pos-

174 1843 249 1904 sim!
261 1872 273 1897 ·
286 1856 318 1904 at
327 1846 435 1905 referet
444 1846 630 1915 Alexander,
646 1846 817 1907 Alexandro
827 1866 897 1907 vcro
913 1846 982 1907 Dii:
1015 1846 1157 1907 Dextram
1169 1846 1276 1906 deinde

172 1937 338 2018 protendit,
359 1947 502 2021 ‘eamque
525 1939 706 2015 Alexandro,
728 1942 797 2003 fidei
818 1942 908 2021 regies
921 1943 1041 2021 pignus,
1056 1942 1141 2003 serri’
1155 1944 1276 2022 jubens,

174 2034 363 2115 apprehensa
385 2036 547 2117 Polystrati
572 2058 661 2097 mauu
687 2039 815 2097 animam
837 2038 958 2097 efflavit.
1000 2040 1029 2098 6.
1049 2038 1217 2098 Alexander
1238 2058 1276 2098 an

175 2132 302 2210 spiranti
317 2133 415 2194 adhuc
440 2134 651 2213 supervenerit,
667 2134 811 2195 incertum
825 2144 872 2194 est
883 2131 910 2193 :¹
927 2133 1002 2193 illud
1014 2144 1142 2207 constat,
1156 2135 1276 2195 misera-

173 2228 230 2289 bili
249 2232 325 2309 regis
349 2230 566 2310 opulentissimi
591 2232 672 2291 exitu
692 2240 853 2309 comperto,
867 2229 1004 2308 copiosas
1017 2229 1165 2311 lacrymas
1177 2232 1277 2311 prolu-

174 2329 271 2401 disse,
280 2327 438 2405 sasnmque
444 2325 601 2407 chlamyde
613 2328 668 2387 sibi
684 2327 819 2387 detracta
833 2346 939 2406 corpus
955 2326 1131 2407 operuissc,s
1145 2336 1176 2387 ct
1194 2344 1277 2405 mag-

174 2442 220 2485 no
240 2442 308 2485 cnm
329 2422 442 2483 bonore
463 2423 521 2482 ‘ad
543 2442 614 2483 suos
638 2421 765 2485 delerri'
780 2423 918 2505 jussisse,
941 2430 996 2483 ‘ut
1020 2424 1102 2503 regio
1120 2422 1279 2483 Personam

175 2540 260 2582 more
273 2528 408 2581 curatum
426 2522 624 2604 monumentis
643 2520 788 2599 majorum
805 2518 994 2582 interranea
1036 2521 1064 2577 7.
1088 2518 1279 2597 Ingratitudi-

175 2637 249 2677 nem
262 2616 422 2687 hominum,
432 2636 451 2676 a
461 2618 527 2696 quis
542 2638 595 2697 pro
606 2618 728 2677 summis
741 2616 890 2678 beneficiis
905 2614 1026 2675 crudele
1040 2614 1161 2674 esitium
1169 2614 1279 2675 Darius

174 2712 311 2795 ρεηιιίἰῑ,
324 2731 497 2791 quanquam
511 2726 617 2794 suopte
631 2714 752 2794 iugenio
765 2712 944 2784 horrendam
961 2721 992 2772 et
1011 2710 1212 2785 execrabilem,
1235 2712 1281 2771 in·

176 2808 311 2887 signiore
337 2808 376 2867 ad
398 2809 600 2887 posteritatem
621 2809 743 2870 infamia
765 2808 918 2868 damnavit
934 2808 1016 2867 canis
1040 2806 1194 2886 cujusdam
1208 2807 1283 2868 mira

176 2904 276 2978 tides,¹
287 2906 338 2983 qui
358 2904 395 2964 ab
410 2905 546 2965 omnibus
565 2906 757 2966 familiaribus
778 2904 921 2965 derelicto
945 2904 1026 2965 solus
1041 2900 1134 2977 affuit,
1149 2914 1180 2964 et
1192 2923 1288 2983 quarn.

176 3002 212 3062 in
227 3000 324 3061 virum
343 3021 405 3081 prce
427 3021 459 3062 se
479 3001 548 3067 tnlit
561 3001 810 3075 benevolentiam,
829 2999 964 3062 morienti
979 3020 1098 3083 quoqne
1111 3009 1283 3061 constanter

178 3094 334 3179 praestitit.
377 3098 405 3157 8.
429 3097 519 3159 Hnuo
532 3098 602 3157 vitre
616 3098 704 3157 finem
717 3098 828 3158 so'rtius
841 3108 888 3159 ast
901 3096 961 3169 ille,
975 3116 1063 3177 quem
1077 3096 1165 3157 modo
1178 3106 1284 3156 coutu-

177 3194 272 3255 melia
291 3192 369 3253 affici
390 3196 546 3272 putabant,
568 3193 625 3253 nisi
649 3202 769 3273 ‘regem
783 3210 896 3273 regum,
917 3205 947 3253 et
962 3192 1093 3254 Deorum
1107 3193 1286 3271 consangui-

177 3289 290 3351 nenm'
305 3289 488 3350 salutarent:
508 3308 677 3370 magnoque
688 3288 793 3349 iterum
809 3290 1010 3369 experimento
1022 3289 1216 3370 approbatum
1227 3298 1284 3361 est,

178 3388 331 3447 neminem
342 3386 438 3466 magis
453 3396 554 3466 patere
569 3388 706 3459 fortuna,
725 3406 814 3467 quam
829 3386 891 3465 qui,
906 3382 1037 3467 pluribus
1048 3382 1180 3466 ejusdem
1199 3384 1284 3445 blan-

178 3482 263 3543 ditiis
278 3482 417 3556 irrctitus,
423 3483 529 3563 jugum
543 3482 622 3545 illius
637 3494 702 3545 tota
713 3482 828 3545 cervice
842 3484 994 3563 receperit.

214 3674 229 3709 ¹
244 3676 317 3804 {iola
323 3678 345 3803 Ι1.
356 3678 375 3727 l.
786 3677 800 3713 ὅ
817 3678 889 3729 Plut.
899 3678 942 3729 ll.
953 3676 1061 3729 Diodor.
1069 3676 1171 3729 Sic-ll.
1183 3676 1286 3733 sensa

217 3762 231 3788 θ
263 3756 287 3803 rl.
306 3788 313 3802 .
333 3760 340 3802 ζ
755 3756 802 3807 Ll.

216 3828 230 3863 ¹
242 3832 350 3880 Diodor.
366 3828 419 3881 Sic.
437 3842 510 3880 xsrr.
529 3833 588 3879 ool.
615 3827 718 3881 Amisa.
788 3830 907 3881 ¹Eussb.
931 3830 958 3881 in
977 3829 1075 3881 Cliton.
1101 3828 1196 3881 AEliso.
1213 3826 1285 3880 Hist.

180 3907 234 3960 l.l.
756 3906 845 3959 duim.
856 3911 950 3959 arat.

217 3990 233 4028 Ι
242 3983 368 4034 eruant
390 3980 559 4034 Diodor.Sic·
569 3983 614 4035 l.l.
673 4055 676 4061 Ι
