2925 4867
252 366 302 444 es
650 391 680 441 r.
703 389 956 442 snnrnsrrnnrr

256 545 331 605 tum,
352 552 441 612 quem
469 532 624 613 Philippus
650 543 882 610 comparaverat,
906 533 1063 597 retineret;
1094 529 1197 610 raptim
1223 515 1347 586 exercitu

257 631 348 690 ducto
376 629 558 688 Thessaliam
592 629 768 706 improuisus
803 628 913 707 irrupit.
954 628 986 685 2.
1017 625 1205 685 Sustrrierunt
1241 625 1347 682 animos

257 723 465 785 Thessalorum
478 723 610 803 quidem,
624 735 655 782 et
668 722 793 782 insessis
816 722 853 780 ed
869 723 979 800 Tempe
994 723 1137 800 angustiis
1162 721 1216 778 iter
1230 739 1267 778 ex
1288 719 1348 776 Me·

257 819 384 882 cedema
396 820 523 880 venienti
542 819 751 880 occludebant.
794 822 822 878 3.
845 817 962 896 Quippe
984 835 1035 876 ens
1059 818 1193 894 regiones
1208 816 1347 894 Olympus

257 929 347 995 atque
371 918 452 976 Ossa
470 915 612 976 celebrati
632 926 748 975 montes
773 915 957 974 dirimunt2¹
987 933 1039 992 per
1059 931 1183 991 quorum
1205 909 1347 970 convalles

258 1013 374 1072 Peneus
394 1013 489 1072 amnis
509 1012 628 1084 labitur,
646 1013 719 1072 rnira
739 1011 911 1070 amoenitate
937 1009 1071 1068 solennia
1094 1010 1189 1087 gentis
1211 1007 1348 1066 sacrificia

257 1108 389 1168 meritus.
429 1108 518 1168 Laetis
532 1108 679 1186 utrimque
694 1108 863 1166 nemoribus
888 1107 1079 1164 obumbratus
1094 1104 1223 1170 incedit:
1246 1103 1348 1161 multo·

132 1263 144 1272 ,
257 1223 316 1281 que
329 1223 399 1263 cum
418 1185 535 1264 fremitu
558 1203 664 1274 ruenti,
677 1221 715 1261 es
728 1201 832 1261 ricinis
858 1201 1010 1260 arboribus
1026 1199 1205 1260 avicularum
1227 1199 1348 1277 garritus

257 1300 410 1379 obstrepit.
450 1303 481 1358 4.
501 1301 641 1378 Angusta
667 1300 775 1375 semita
795 1317 847 1376 per
871 1297 1001 1375 quinque
1017 1297 1077 1356 iere
1100 1295 1191 1355 millia
1212 1311 1346 1373 passuum

256 1395 525 1475 protenditur,⁸vix
547 1407 656 1454 onusto
676 1395 814 1475 jumento
839 1395 989 1454 sufficiens
1014 1393 1069 1453 iter
1094 1393 1251 1470 prebens:
1272 1391 1348 1470 qued

257 1489 399 1550 adsersus
419 1509 634 1570 quemcumque
647 1509 800 1550 numerum
824 1489 975 1548 bominum
989 1489 1036 1548 rel
1058 1488 1160 1548 decem
1181 1489 1286 1546 armati
1307 1507 1350 1547 se·
1394 1541 1399 1550 .

257 1587 351 1665 piant.
393 1590 423 1647 6.
444 1585 505 1646 Sed
518 1587 569 1646 ille
582 1606 643 1667 qun
656 1586 775 1648 minime
789 1585 897 1666 pervim
921 1604 1009 1664 rupes
1023 1585 1276 1654 existimabantur,
1291 1603 1351 1644 scs·

258 1682 352 1742 larum
366 1683 397 1742 in
410 1681 530 1744 modum
552 1681 675 1743 exciso‘
687 1683 796 1742 molitis
819 1682 907 1741 Ossae
928 1681 1031 1752 latere,
1045 1679 1196 1741 circumitu
1218 1689 1348 1756 penetra-

258 1779 318 1845 rits
338 1777 473 1858 adeoque
485 1777 637 1838 celeritate
660 1797 715 1836 sua
736 1789 861 1838 cunctos
883 1777 1032 1848 exterruit,
1046 1787 1079 1835 ut
1092 1783 1100 1810 ⁶
1112 1775 1212 1836 omnia
1224 1775 1251 1834 ei
1267 1777 1350 1836 recti·

258 1872 339 1952 galia
352 1873 533 1952 reditusque,
549 1872 636 1932 simul
651 1873 797 1933 universae
812 1872 908 1952 gentis
929 1872 1093 1952 imperium,
1106 1871 1214 1949 quibus
1235 1871 1267 1929 id
1282 1873 1350 1951 legi·

257 1969 314 2030 bus
339 1968 493 2048 Phiiippus
518 1969 690 2040 habuisset,’
712 1969 796 2028 nullo
812 1970 876 2049 jam
899 1979 1082 2048 repugnante
1104 1966 1354 2026 decernerentur

258 2065 290 2124 6.
310 2063 471 2136 Phthiam:
483 2083 551 2144 qum
565 2065 681 2142 generis
694 2065 742 2125 sui
756 2075 906 2125 auctorem
921 2064 1065 2124 Achillem
1080 2069 1088 2096 ‘
1104 2061 1287 2141 protulisset,
1301 2063 1352 2122 im·

258 2179 378 2220 munem
391 2179 459 2220 esse
467 2159 575 2239 jussit:
597 2179 724 2240 eumque
737 2161 857 2220 hersin
871 2159 1068 2240 expeditionis
1090 2155 1231 2216 adversus
1247 2158 1352 2218 Persas

258 2256 372 2316 socium
396 2265 486 2336 etque
506 2257 735 2317 commilitonem
759 2256 868 2336 eligere
893 2255 1043 2317 se'dixit.
1086 2257 1114 2312 7.
1138 2254 1182 2312 Ex
1201 2254 1355 2314 Thessalia

258 2351 470 2431 Thermopylas
484 2349 578 2429 petiit,
589 2350 740 2430 publicum
756 2352 882 2412 Graecias
896 2352 1064 2422 concilium,
1078 2357 1086 2384 ‘
1099 2347 1252 2429 Pylaicum
1261 2351 1282 2394 '¹
1302 2369 1354 2431 ap·

257 2447 390 2526 pellente
411 2448 441 2504 8.
461 2445 582 2505 ibicum
597 2445 737 2525 frequens
758 2466 809 2525 per
830 2467 883 2508 eos
897 2448 961 2508 dies
982 2455 1251 2519 conveniensem,
1265 2448 1296 2506 in
1313 2448 1356 2508 lo-

257 2541 431 2620 compatris
444 2540 694 2620 Amphictyonum
714 2543 835 2604 decreto
849 2563 982 2604 summus
1003 2545 1175 2606 Graecorum
1199 2543 1356 2624 imperator

258 2648 400 2709 creatus,¹
414 2647 423 2672 ‘
439 2636 635 2697 Ambraciotis
650 2649 743 2699 ratam
767 2657 834 2700 esse
849 2639 1013 2702 libertatem
1026 2641 1143 2722 'jussit,
1157 2661 1247 2722 quern
1261 2661 1356 2721 nuper

257 2733 383 2814 expulso
411 2732 611 2792 Macedonum
647 2733 787 2812 prasidio
815 2747 1003 2814 receperent:
1039 2740 1148 2800 ‘ultro
1173 2737 1356 2799 redditurum

256 2831 349 2890 luisse
361 2829 369 2852 '
381 2829 533 2902 dictitans,
546 2835 556 2865 ‘
571 2830 601 2889 ni
612 2832 717 2910 paneis
727 2831 833 2892 diebus
846 2832 941 2910 ipsum
953 2835 1200 2896 antevertissent!
1240 2835 1271 2894 9.
1296 2833 1357 2892 Ex-

256 2925 328 2984 inde
351 2925 480 2986 Thebis¹
493 2927 614 2988 admoto
632 2930 774 3000 exercitu,
795 2930 946 3008 fractaque
964 2929 1132 2991 Boeotorum
1147 2941 1178 2992 et
1191 2929 1357 2990 Athenien-

258 3021 333 3080 sium
357 3025 553 3096 contumacia,
575 3027 626 3103 qui
649 3026 752 3106 populi
774 3026 901 3084 maxime
928 3026 988 3086 suis
1013 3027 1143 3088 consiliis
1169 3026 1357 3096 obstiterant,

256 3123 265 3150 ⁴
281 3115 360 3195 apud
376 3115 550 3180 Corinthum
566 3121 740 3180 Graecorum
759 3119 875 3200 legatos
898 3141 1048 3182 occurrere
1073 3124 1141 3184 sibi'
1154 3123 1264 3202 jussit.¹
1308 3125 1359 3183 10,

258 3211 302 3271 lbi
315 3213 488 3274 confirmato
502 3215 753 3294 Amphictyonum
774 3215 904 3289 decreto,
919 3221 1067 3278 communi
1083 3219 1212 3281 omnium
1234 3231 1359 3279 senten-

256 3307 307 3380 tia,
322 3307 353 3367 in
367 3308 497 3389 Philippi
511 3312 602 3390 patris
618 3312 716 3372 locum
729 3313 886 3392 imperator
898 3314 1024 3376 Graecias
1040 3316 1180 3378 suffectus
1195 3327 1259 3376 est:
1282 3329 1315 3376 et
1328 3317 1358 3374 in

255 3404 365 3463 bellum
387 3405 540 3466 Persicum
554 3409 663 3467 auxilie
682 3408 812 3467 decreta.
849 3399 905 3469 '11.
927 3411 1014 3470 Forte
1029 3411 1058 3470 in
1074 3411 1178 3472 eadem
1199 3413 1361 3472 urbeDio·

256 3517 348 3576 genes
363 3500 503 3578 degebat,
516 3503 566 3580 qui
581 3503 694 3582 Cynico
709 3503 844 3563 instituto
861 3515 1053 3583 spontaneam
1068 3516 1271 3588 paupertatem
1294 3529 1360 3566 em·

256 3593 373 3671 plexus,
388 3595 511 3656 liberem
526 3606 558 3656 et
579 3599 715 3677 suijuris
738 3600 867 3660 animum
888 3601 993 3680 opibus
1012 3603 1148 3683 curisque
1171 3603 1357 3684 prmtnlerat.

259 3691 306 3748 le.
327 3690 524 3767 Aprienbetur
544 3693 593 3752 ille
608 3695 638 3752 in
652 3695 792 3768 Cranen,k
806 3695 940 3756 Corinthi
961 3699 1111 3768 suburbio,
1129 3700 1177 3760 ubi
1197 3719 1358 3781 cupresso-

287 3837 299 3864 ·
317 3831 425 3880 Manlio.
434 3833 496 3898 Tyr.
508 3833 584 3885 Orat.
595 3841 635 3886 te.
859 3837 870 3870 s
883 3841 940 3893 Lis.
952 3855 1031 3893 xxxi.
1041 3846 1082 3893 te.

285 3905 384 3956 bPtin.
413 3907 484 3958 Hist.
513 3909 577 3962 Nat.
606 3925 645 3961 ιιι.
673 3917 697 3964 8.
725 3914 781 3966 uir.
858 3915 965 3966 suiad.
975 3919 1027 3968 Sic.
1039 3921 1055 3968 Ι.
1067 3921 1083 3968 Ι.

255 3987 330 4030 nstv.
339 3985 365 4031 n.
858 3988 870 4022 '¹
887 3991 928 4042 id.
940 3993 957 4042 Ι.
968 3994 987 4043 t.

286 4063 297 4088 θ
315 4057 431 4121 Polyreo.
441 4060 557 4125 Stratos.
568 4077 607 4113 ιι.
619 4069 642 4114 t.
653 4068 695 4114 ts.
856 4066 863 4100 ¹
879 4067 918 4116 ld.
931 4067 947 4117 1.
959 4071 976 4118 Ι.
987 4069 1083 4120 Justin.
1096 4085 1134 4124 nr.
1146 4079 1169 4124 t.
1181 4079 1206 4126 t.

285 4131 297 4166 ⁴
315 4123 393 4184 ntor.
405 4149 474 4187 ιιιιι.
483 4152 511 4201 p.
526 4143 584 4189 ⁶8³.
595 4140 692 4194 Justirr.
705 4155 745 4194 ιι.
758 4149 781 4194 t.
856 4141 868 4175 ¹
885 4143 999 4196 Paussn.
1012 4159 1044 4196 ιι.

285 4215 297 4242 ·
313 4210 462 4265 Philostrat.
475 4214 501 4264 iu
513 4215 620 4266 Herpis.
