2925 4867
361 396 489 450 surra.
514 399 553 447 ru
579 399 615 459 n.
640 397 814 448 concrum
842 397 912 446 urs.
937 399 976 444 rr.
1152 379 1215 444 137

118 538 360 608 intercesserant;
383 561 450 601 cum
470 538 651 612 Alexander,
670 540 788 618 objecta
801 558 854 617 spe
873 537 1083 616 Myndensium
1106 537 1216 616 oppido

118 654 168 713 per
180 635 376 713 proditionem
400 634 559 714 potiundi,l
572 649 660 695 nocte
686 633 863 714 intempesta
886 652 952 692 curu
969 643 1051 713 parte
1065 636 1215 712 copiarum

117 730 320 810 proficiscitur.
362 731 422 790 Sed
437 729 509 790 nibil
520 747 670 809 quoquam
684 740 832 802 movente,
844 728 964 788 admota
976 731 1059 809 greri
1069 739 1217 789 armatura

118 844 229 886 murum
245 825 354 886 suffodi
375 827 502 906 imperat
513 845 522 884 r
535 846 645 905 neque·
660 826 739 887 enim
754 827 851 887 scalas
878 837 930 886 aut
943 823 1095 885 machinas
1109 826 1216 885 attule-

117 931 171 991 rat,
185 941 251 981 curu
265 923 462 1002 oppugnandi
484 923 609 983 consilio
630 924 732 984 urbem
756 943 815 984 non
838 923 1024 986 accessisset.
1067 925 1097 981 4.
1121 921 1216 981 Erilli
1278 971 1287 984 .

116 1016 244 1095 quidem,
268 1039 328 1078 una
350 1017 622 1099 turriumdejecta,
644 1019 716 1081 nibil
746 1029 843 1080 tamen
869 1027 1046 1102 aperuerunt
1067 1017 1135 1091 loci,
1156 1037 1216 1097 quo

114 1113 194 1173 iutra
219 1129 463 1194 perrumperent:
485 1132 553 1174 nam
581 1116 657 1175 sorte
681 1116 724 1175 ita
750 1117 920 1194 prociderat
946 1115 1044 1188 turris,
1070 1125 1103 1175 ut
1127 1134 1216 1194 quam
1311 1101 1315 1110 ¹

116 1227 264 1276 muromm
287 1221 400 1290 partem
421 1222 506 1272 stans
530 1221 709 1291 protexerat,
729 1229 791 1272 non
813 1213 910 1274 minus
932 1211 1016 1274 ruina
1037 1211 1164 1289 sepiretr
1187 1214 1216 1273 5.

113 1303 255 1383 civesque
275 1325 392 1366 summa
405 1325 463 1386 ope
477 1307 672 1366 resistebant:
693 1318 724 1368 et
738 1309 776 1368 ab
798 1307 1113 1369 Halicarnassensibus
1132 1306 1218 1387 adju-

115 1401 270 1474 vabantur,
284 1420 375 1480 quos,
396 1403 500 1462 audito
515 1401 619 1463 ricinos
641 1402 768 1462 civitatis
789 1403 931 1484 periculo,
947 1404 1091 1464 maritimo
1115 1402 1218 1464 itinere

114 1495 267 1556 Memmon
288 1498 488 1559 summiserat.
530 1499 576 1558 lta
598 1510 725 1560 conatus
742 1499 941 1561 Macedonum
961 1501 1058 1561 irritus
1081 1499 1146 1559 luit.
1188 1501 1216 1559 6.

113 1591 298 1665 Alexander,
311 1593 351 1652 ad
365 1593 550 1654 obsidionem
564 1593 770 1656 Halicamassi
787 1616 932 1670 reversus,
946 1608 1016 1658 aute
1037 1597 1136 1655 omnia
1156 1593 1232 1655 ios-⁸

113 1707 182 1750 sam
195 1688 317 1768 triginta
330 1691 455 1752 maxime
468 1690 584 1750 cubitos
598 1690 699 1764 latam,
714 1693 804 1753 altam
818 1693 998 1773 quindecim,
1012 1712 1102 1772 quam
1117 1691 1218 1753 hostes

113 1803 172 1864 pro
192 1785 263 1844 urbe
287 1783 444 1859 duxerant,
469 1787 651 1866 expletums,
671 1803 732 1848 tres
757 1789 923 1850 testudines
944 1794 1090 1871 apparat,‘
1109 1788 1217 1868 quibus

112 1891 268 1961 protectus
292 1881 378 1941 miles
406 1882 557 1941 materiam
580 1892 748 1963 terramque
772 1883 837 1944 sine
861 1903 939 1946 noxa
965 1895 1146 1964 congereret.
1188 1885 1217 1942 7.

113 1976 249 2054 AEquata
266 1977 358 2048 losse,
372 1984 382 2013 ⁶
395 1988 489 2038 turres
512 1977 735 2058 machinasque,
750 1981 857 2058 quibus
873 1982 949 2040 muri
970 1989 1150 2051 sternuntur,
1165 1979 1219 2038 ad·

112 2072 229 2133 moveri
240 2073 249 2098 '
256 2073 359 2152 jussit.
401 2075 527 2154 Jamque
549 2085 642 2135 strata
660 2076 833 2136 moeniorum
848 2088 941 2157 parte,
955 2095 1016 2155 qua
1037 2075 1130 2134 ruina
1144 2075 1219 2135 viam

112 2168 300 2247 aperiebant,
321 2169 351 2228 iu
376 2171 477 2229 urbem
503 2181 658 2251 penetrare
683 2171 872 2240 nitebantnrr
895 2171 948 2232 sed
969 2172 1084 2243 hostes,
1098 2190 1165 2232 cum
1181 2171 1220 2230 ob

112 2263 336 2325 multitudinem
350 2266 456 2346 integri
483 2267 610 2327 subinde
621 2267 712 2328 ieasis
735 2266 938 2340 succederent,
953 2267 1121 2348 ducumque
1144 2285 1219 2346 prte-

113 2361 214 2420 sentia
240 2359 280 2420 ad
303 2363 403 2422 omnia
426 2361 566 2425 audenda
588 2365 841 2440 confirmarentur,
862 2376 981 2427 strenue
1006 2367 1220 2446 repugnabant.
1289 2385 1292 2394 ·

115 2459 148 2516 8.
172 2457 250 2517 buce
261 2459 404 2536 perraria
417 2460 578 2520 certamina
588 2472 756 2535 consumta,
767 2483 836 2524 curu
850 2462 956 2526 diurno
967 2462 1067 2523 labore
1078 2463 1219 2542 fatigatos

113 2553 222 2614 bootes
237 2553 379 2614 Memnon
394 2557 517 2634 segnius
527 2557 680 2618 custodias
691 2577 779 2638 agere
789 2557 932 2632 crederet,
943 2578 1012 2618 curn
1022 2557 1121 2618 valida
1130 2577 1220 2618 manu

114 2650 283 2729 prorumpit
296 2649 417 2731 oppido,
433 2653 589 2732 ignemque
614 2655 752 2734 operibus
775 2654 879 2734 injicit.
923 2653 983 2715 Sed
1004 2652 1220 2714 Macedonibus

115 2745 156 2804 ad
171 2745 340 2806 incendium
351 2749 605 2822 concurrentibus,
618 2771 685 2811 cunr
700 2751 731 2810 hi
745 2753 917 2830 extinguere
930 2749 1064 2811 flammas
1079 2767 1222 2811 conaren-

114 2851 174 2915 tur,
188 2842 233 2901 illi
254 2855 407 2922 augerent,
421 2855 452 2904 et
473 2845 695 2924 prohibentibus
709 2848 769 2906 viru
794 2849 983 2918 intentarent,
997 2865 1065 2906 acre
1089 2845 1222 2926 praelium

118 2950 256 2999 coortum
270 2951 338 2999 est:
360 2941 390 3000 9.
405 2939 516 3020 quippe
532 2941 725 3016 Macedones,
737 2944 840 3003 robore
854 2942 970 3003 virtutis
984 2951 1015 3001 et
1028 2941 1221 3003 assuetudine

116 3035 317 3114 periculorum
331 3036 421 3116 longe
434 3047 612 3116 prestantes
634 3038 782 3112 hostibus,
796 3056 918 3099 numero
932 3047 1135 3117 apparatuque
1149 3039 1221 3098 Per-

117 3149 219 3191 sarum
248 3132 446 3210 urgebantur:
479 3141 510 3192 et
530 3133 602 3211 quia
625 3131 706 3193 baud
734 3133 838 3212 procul
866 3131 956 3192 muris
980 3149 1028 3191 res
1055 3131 1222 3210 gerebatur,

117 3226 246 3288 ballistis
261 3227 480 3308 catapultisque
493 3248 546 3308 per
560 3229 669 3289 moenia
682 3228 835 3308 dispositis
849 3227 964 3288 eminus
978 3224 1113 3306 impetiti,
1128 3226 1223 3288 inulto

116 3323 244 3382 vulnera
261 3323 460 3402 accipiebant.
502 3325 551 3382 10.
573 3325 667 3383 Atrox
680 3324 758 3384 inter
772 3324 838 3384 lrmc
858 3323 1005 3402 utrimque
1020 3321 1141 3394 clamor,
1155 3321 1224 3382 bor·

118 3420 245 3479 nntium
267 3436 352 3491 suos,
373 3417 587 3500 increpantium
609 3417 762 3492 adversos,
783 3429 845 3478 tum
869 3416 1036 3478 sauciorum
1051 3428 1082 3476 et
1095 3417 1223 3484 moriens

118 3515 192 3574 tium
205 3516 344 3595 gemitus,
358 3514 434 3575 iuter
445 3526 606 3576 nocturnas
626 3518 764 3577 tenebras
787 3515 888 3575 omniu
909 3524 1019 3574 terrore
1035 3511 1223 3592 tumultuque

120 3609 334 3689 impleverant:
356 3610 541 3688 augebantur
562 3610 628 3670 brec
648 3611 772 3671 vocibus
793 3619 900 3671 cetera
923 3607 1223 3688 multitudineque,

120 3705 195 3766 dum
215 3705 267 3766 alii
293 3716 440 3788 pugnant,
460 3707 542 3786 operi
561 3708 687 3780 intenta,
708 3708 810 3776 muris,
836 3705 886 3786 qui
908 3702 997 3786 pulsu
1021 3703 1223 3764 machinarum

119 3813 302 3873 corruerant,
327 3800 500 3881 reparandis
523 3804 735 3882 occupabatur.
779 3805 827 3862 ll.
848 3799 981 3861 Tandem
1003 3799 1099 3858 acrius
1123 3798 1222 3858 annisi

122 3895 307 3957 Macedones
320 3895 438 3957 hostem
459 3896 536 3956 intra
557 3899 665 3958 moenia
689 3897 879 3977 redegerunt,
892 3907 1012 3957 centurn
1034 3894 1224 3973 septuaginta

122 3988 296 4065 interiectis,
310 3992 386 4052 inter
401 4010 476 4069 quos
491 4001 521 4052 et
535 3992 772 4072 Neoptolemus,d
785 3993 836 4072 qui
856 4011 924 4056 cum
938 3991 1070 4069 Amynta
1082 3991 1170 4050 fratre
1184 3992 1223 4052 ad

162 4160 174 4193 ⁸
188 4161 288 4216 aman.
300 4165 319 4216 l.
331 4165 350 4215 l.
727 4163 739 4197 ‘¹
756 4162 860 4215 Arriae.
872 4163 889 4214 1.
902 4164 918 4214 Ι.
938 4159 1014 4214 Diod.
1026 4173 1098 4214 xvir.
1109 4173 1137 4226 p.
1148 4163 1207 4218 tlt-

159 4242 174 4269 θ
187 4235 261 4292 iliud.
273 4240 290 4291 Ι.
303 4240 321 4291 Ι.
331 4239 524 4293 Ἷὶῑῐυνιιᾶθ.
533 4245 561 4290 ct
571 4241 614 4292 M.
