2925 4867
285 398 352 463 100
680 413 707 460 r.
732 411 983 462 nsnrssnnurs
1044 367 1049 376 ¹

287 554 409 627 viribus,
418 553 449 612 io
463 552 605 634 ditionem
618 551 736 612 victoris
750 550 943 614 concederet·
986 553 1035 613 1³.
1049 553 1146 632 Atque
1161 553 1210 616 ille
1219 555 1284 634 jam
1298 556 1376 617 obia-

287 660 344 722 rst‚
358 651 418 710 sita
431 649 471 710 ad
484 649 708 728 nonagesimum
727 649 825 710 estatis
845 667 954 709 anuum
974 647 1135 728 producta:
1156 659 1287 710 ceterum
1300 651 1375 712 lilius

287 746 350 826 ejus
362 745 459 806 Clitus
473 752 482 779 ‘
494 755 688 826 opportunum
703 743 912 824 recuperanda
925 743 1068 806 libertatis
1079 755 1193 826 tempus
1207 745 1376 806 adveniase'

287 842 441 914 dictitans,
468 841 562 900 ‘dum
586 841 811 921 asperrimorum
833 840 963 920 gentium
987 841 1075 900 armis
1102 840 1270 902 Alexander
1295 851 1376 902 trans

287 939 395 999 Istrum
411 936 600 1010 attineretur,’
613 937 771 1017 populares
785 937 824 998 ad
838 956 919 998 arma
932 933 1077 1016 capienda
1090 937 1221 1016 impulit:
1241 937 1315 998 inita
1328 955 1376 998 so·

285 1035 395 1095 cietate
421 1051 488 1092 cum
514 1031 640 1093 Glaucia
665 1052 736 1112 rege
763 1031 940 1113 lllyriorum,
966 1031 1018 1110 qui
1043 1032 1189 1094 Taulantii
1211 1027 1376 1094 rocdntur.¹

289 1133 336 1191 14.
358 1129 519 1189 Autariatae
533 1127 685 1188 alienatio
699 1128 754 1189 iter
768 1125 909 1186 facientes
925 1125 1106 1186 Macedonas
1128 1129 1295 1206 aggressuri
1312 1128 1374 1187 sue

285 1234 370 1284 rant:
392 1222 445 1284 sed
459 1223 610 1301 Langarus
624 1223 820 1301 Agrianomes
833 1217 900 1282 rex¹
913 1220 1082 1282 Alexandro
1101 1222 1191 1296 lidos,
1204 1223 1300 1304 petiit,
1319 1229 1328 1258 ⁸
1341 1232 1376 1282 nt

286 1319 341 1380 sibi
355 1339 454 1381 curam
467 1338 533 1379 eam
545 1319 742 1399 permitteret:
765 1335 830 1378 sese
845 1317 925 1378 domi
939 1337 1040 1378 eorum
1051 1326 1166 1379 tantum
1178 1319 1291 1396 negotii
1304 1319 1375 1398 ipsis

285 1423 533 1494 comparaturum,
542 1424 575 1473 ut
588 1413 716 1475 animum
730 1433 749 1474 a
762 1413 904 1474 vexandis
916 1413 1128 1474 Macedonibus
1143 1413 1181 1472 ad
1195 1433 1251 1474 sua
1265 1413 1375 1473 tuenda

285 1509 454 1570 conversuri
474 1508 595 1570 essent!
637 1510 685 1568 15.
706 1505 916 1568 collaudatum
937 1507 1081 1588 donisque
1095 1509 1250 1588 magnifice
1263 1509 1374 1569 cultum

280 1605 421 1686 juvenem
436 1605 545 1664 dimisit
558 1620 626 1673 reat
646 1603 735 1664 etiam
749 1603 857 1664 sororis
872 1605 966 1684 Cynse
983 1605 1100 1685 nuptias
1113 1604 1273 1685 pollicitus,
1285 1621 1374 1683 quam

285 1720 323 1762 ex
338 1701 437 1781 illyria
450 1701 571 1760 muliere
585 1709 755 1778 susceptam
769 1701 906 1782 Amynta
920 1701 950 1760 in
962 1699 1178 1760 matrimonium
1189 1699 1313 1759 dederat
1324 1717 1376 1779 pa·

284 1808 338 1856 ter.
383 1799 431 1856 16.
453 1795 492 1855 Et
505 1795 653 1876 Agrianos
673 1795 794 1875 quidem
816 1795 990 1877 promissam
1014 1793 1299 1874 operampreestititr
1320 1794 1376 1854 sed

285 1893 388 1952 morbo
408 1900 585 1971 correptum,
607 1911 646 1951 ne
666 1901 754 1970 pacta
778 1890 912 1952 mercede
935 1893 1089 1963 frueretur,
1112 1891 1192 1951 brevi
1215 1897 1377 1949 consecute

283 2006 364 2048 mors
377 1985 530 2065 praevenit.
566 1988 614 2045 17.
629 1984 675 2044 lta
687 1984 825 2046 cohibitis
840 1985 999 2046 Autariatis
1013 1987 1076 2048 sine
1090 1986 1250 2047 certamine
1261 1983 1375 2045 Pelium

283 2093 456 2162 perventum
470 2091 545 2155 est,=
559 2080 739 2142 Dessar'etite
758 2080 909 2162 oppidum,
925 2081 1069 2142 Eordaico
1083 2081 1196 2142 flumini
1209 2081 1375 2142 imminens.

287 2179 334 2237 18.
356 2177 491 2256 Speciem
504 2195 634 2257 pugnans
648 2179 847 2256 expetentium
861 2179 1034 2258 praebebant
1047 2177 1159 2250 hostes,
1173 2187 1204 2237 et
1216 2177 1299 2238 velut
1311 2193 1376 2234 ura·

284 2292 341 2331 nus
368 2272 531 2334 conserturi
558 2284 642 2333 extra
665 2273 806 2353 praesidia
833 2293 888 2334 sua
911 2275 1047 2334 ferociter
1069 2283 1293 2352 procurrerant:
1322 2270 1377 2330 sed

282 2367 454 2448 priusquam
471 2367 605 2447 proelium
626 2370 770 2429 committi
781 2373 900 2448 ¹posset,
919 2369 1107 2448 refugerunt:
1129 2367 1198 2428 licet
1210 2377 1378 2446 opportuna

282 2462 361 2533 loca,
380 2461 531 2542 sylvisque
552 2473 583 2523 et
601 2465 727 2525 collibus
749 2464 900 2544 impedita,
917 2465 1138 2544 praecepissent.
1182 2465 1229 2523 19.
1252 2461 1376 2522 Foedum

281 2558 323 2621 ibi
337 2558 539 2638 spectaculum
553 2559 753 2620 Macedonum
772 2559 867 2622 oculis
881 2559 1027 2638 objectum
1043 2570 1106 2618 est:
1127 2569 1186 2618 tres
1202 2558 1285 2637 pueri
1306 2559 1376 2618 toti·

282 2653 410 2734 demque
430 2654 547 2735 puellm,
565 2675 633 2716 cum
645 2657 738 2716 tribus
759 2654 850 2734 nigris
866 2655 1017 2728 arietibus,
1031 2655 1156 2716 consum
1178 2663 1278 2733 strage
1293 2653 1378 2732 jace·

212 2817 222 2831 .
282 2749 372 2815 bant:
394 2767 469 2826 quos
494 2749 609 2808 barbari
634 2750 778 2830 sacrilego
798 2768 883 2811 sacro
902 2749 966 2810 Diis
982 2749 1043 2810 suis
1063 2747 1295 2819 immolaverant,
1315 2767 1377 2826 quo

282 2843 458 2924 pugnaturis
483 2841 638 2904 audaciam
658 2845 846 2924 inspirarent.
893 2843 952 2904 Sed
977 2843 1084 2904 vindex
1107 2861 1215 2902 numen
1240 2841 1376 2903 scelestis

282 2937 429 2998 mentibus
454 2957 509 3017 pro
532 2939 640 2999 virtute
662 2938 830 3000 secordiam
853 2939 963 3018 injecit.
1003 2941 1052 2998 20.
1075 2938 1140 2998 Rex
1165 2937 1243 2996 intra
1264 2939 1380 2999 *moenia

281 3034 450 3113 compulsos
467 3033 557 3095 ducto
578 3035 721 3096 exteriore
734 3053 818 3096 muro
832 3033 1027 3096 intercludere
1041 3042 1200 3099 statuerat:
1222 3049 1290 3092 cum
1304 3052 1379 3111 pos·

281 3130 367 3190 tridie
390 3149 457 3190 cum
472 3131 586 3208 magma
600 3129 820 3198 Taulantiorum
839 3129 934 3209 copiis
954 3129 1094 3190 Glaucias
1107 3128 1245 3189 advenit!
1267 3130 1309 3188 ita
1323 3149 1379 3208 spe

281 3223 436 3305 capienda
450 3225 530 3284 urbis
545 3225 670 3302 abjecta,
688 3225 838 3306 quomodo
851 3233 917 3285 tuto
931 3223 1106 3296 discederet,
1120 3225 1281 3304 cogitabat.
1324 3229 1379 3285 21.
1456 3293 1457 3299 ἵ

283 3320 404 3381 interim
424 3319 542 3380 Philota
557 3339 625 3381 cum
644 3320 786 3399 jumentis
806 3321 1016 3392 castrensibus,
1034 3331 1064 3382 et
1086 3319 1224 3399 praesidio
1241 3321 1380 3400 equitum
1455 3381 1456 3408 ,

280 3417 490 3475 frumentatum
505 3416 605 3487 misso,
618 3416 761 3498 comperit
775 3423 784 3451 ‘
798 3435 867 3478 suos
882 3417 912 3476 in
928 3403 1095 3478 discrimine
1108 3418 1218 3476 versari
1224 3416 1245 3485 ς’
1265 3419 1382 3500 quippe

281 3509 421 3570 Glaucias
445 3509 536 3570 colles
558 3502 664 3590 campo
684 3511 882 3574 circumdatos
906 3523 1110 3593 occupaverat,
1129 3513 1159 3571 in
1186 3514 1382 3576 occasionem

281 3604 420 3686 gerendae
442 3606 483 3666 rei
501 3605 643 3668 intentus.
684 3609 734 3668 22.
756 3609 849 3687 Igitur
862 3609 1003 3670 adversus
1017 3609 1231 3688 oppidanorum
1244 3610 1384 3690 eruptio·
1453 3579 1454 3627 l

282 3721 348 3763 nem
373 3709 455 3781 parts
478 3700 623 3761 exercitus
644 3701 673 3760 in
699 3703 804 3764 castris
820 3703 931 3777 relicta,
947 3725 1015 3765 cum
1028 3703 1133 3764 ceteris
1146 3705 1238 3784 copiis
1251 3705 1385 3784 impigre
1452 3663 1453 3737 i

279 3798 429 3878 proiectus
443 3807 490 3856 est
500 3815 509 3863 ;
530 3796 696 3875 territisque
711 3797 830 3879 illyriis,
850 3821 919 3862 suos
938 3800 1050 3880 recepit
1067 3801 1240 3860 incolumes.
1284 3801 1385 3862 Cete-

282 3913 346 3952 rum
362 3893 416 3952 iter
426 3892 539 3951 lecturo
551 3892 709 3952 maximum
722 3893 883 3972 periculum
897 3896 1084 3956 imminebat:
1106 3897 1155 3954 23.
1170 3894 1238 3955 hinc
1252 3894 1388 3972 flumen,

282 3988 349 4049 inde
375 3986 515 4066 praerupti
538 3985 680 4071 arduique
700 3987 792 4050 colles
814 3990 891 4050 viam
911 3993 1111 4063 coarctabant,
1134 3989 1239 4053 relicto
1259 3991 1387 4068 itinere,

316 4151 322 4184 ¹
334 4153 374 4201 ld.
383 4169 409 4217 p.
421 4159 478 4205 m.
878 4155 885 4188 ¹
900 4153 941 4205 ld.
951 4156 996 4206 Ι.1.

314 4227 327 4260 ¹¹
345 4229 445 4280 arrisu.
456 4243 475 4282 ι.
487 4236 511 4280 5.
878 4238 896 4263 ·
911 4229 952 4280 ld.
963 4234 981 4282 Ι.
990 4233 1007 4280 Ι.
