2925 4867
266 360 309 425 16
669 372 948 421 PROLRGOHBNA

267 534 310 581 es
324 516 366 581 dc
381 534 416 579 re
431 514 538 579 adhuc
560 512 758 596 subjudice
779 513 821 577 iis
846 514 901 578 sit.
943 512 1113 595 Siquidem
1136 513 1189 577 isti
1214 513 1283 577 ioci
1306 513 1355 577 ita

267 622 345 681 snut
358 617 551 699 comparati,
564 620 601 678 ut
613 612 806 697 conjecturs
815 614 971 697 quaedem
984 612 1119 695 assequi
1133 612 1211 677 iude
1221 612 1354 696 quidem

265 718 391 805 possis,
404 716 448 781 ad
459 714 679 780 dirimendam
690 719 800 778 antem
813 713 1075 779 controversiam
1090 730 1222 777 omnem
1237 732 1354 794 pamm

266 816 440 881 sufficiunt.
483 814 616 879 Primus
629 813 725 878 locus
739 819 835 877 extat
847 813 905 876 tib.
922 828 972 875 ιν.
987 831 1064 896 cap.
1076 812 1111 876 4.
1126 812 1183 877 dn.
1198 814 1258 878 ubi
1271 810 1355 876 Gur·

267 918 340 983 tius
355 916 397 980 de
411 914 491 980 satis
503 914 585 999 Tyri
599 913 690 979 urbis
705 914 874 979 disserens
888 914 998 979 addit:
1021 912 1160 977 ‘diuitis
1175 932 1254 997 ergo
1268 914 1356 979 casi-

265 1018 332 1083 bus
344 1014 498 1081 defuncte
518 1019 551 1077 ct
575 1020 654 1098 post
674 1014 841 1078 excidium
862 1019 988 1093 renata,
1010 1019 1239 1091 cunctamen,
1257 1015 1356 1096 ionga

266 1133 352 1208 pace
368 1121 496 1180 cuncta
518 1113 701 1191 refovente,
722 1116 786 1179 sub
800 1114 903 1180 nutele
916 1113 1077 1179 Romnum
1091 1114 1355 1179 mensuetudinis

267 1213 477 1300 acquiescit'
519 1212 612 1278 Alter
632 1214 728 1278 locus
749 1218 804 1278 est
821 1213 879 1278 lib.
894 1230 934 1278 x.
949 1233 1025 1296 cap.
1040 1214 1072 1278 9.
1084 1214 1116 1278 3.
1133 1232 1228 1297 seqq.
1249 1214 1355 1278 ‘Pro-

266 1318 344 1385 inde
358 1316 432 1399 jure
446 1314 631 1398 meritoque
646 1315 794 1398 populus
811 1314 985 1380 &manus
1000 1313 1144 1379 salntem
1158 1334 1197 1379 se
1211 1315 1355 1398 principi

268 1436 330 1483 auo
352 1416 471 1481 debere
493 1414 675 1497 profitetur,
697 1415 757 1497 qui
781 1415 904 1492 noctis,
927 1432 1028 1498 qnam
1052 1432 1149 1496 poene
1170 1433 1355 1498 supremam

267 1517 455 1591 habuimus,
476 1534 597 1581 novum
622 1512 717 1578 sidus
740 1512 866 1591 illuxit,
886 1513 988 1596 hujus
1011 1511 1157 1589 hercule,
1177 1532 1246 1577 non
1268 1513 1354 1578 solis

266 1624 370 1695 onus,
391 1618 500 1681 lucem
515 1612 673 1697 caliganti
686 1612 831 1679 reddidit
842 1612 979 1690 mundo,
994 1631 1071 1678 cnm
1085 1611 1158 1677 sine
1171 1615 1356 1697 suocapite

267 1716 436 1785 discordie
463 1718 611 1783 membra
638 1714 847 1798 trepidarent.
900 1712 995 1793 Quot
1021 1713 1081 1778 iiie
1109 1720 1183 1777 tum
1208 1714 1356 1779 extinxit

266 1819 378 1884 iaces!
400 1823 485 1901 quot
496 1816 646 1881 condidit
658 1814 808 1896 gladios!
823 1820 983 1897 quantam
995 1819 1227 1899 tempestatem
1239 1815 1356 1881 subito

267 1917 444 1983 serenitate
458 1915 638 1981 discussit!
662 1913 740 1979 Non
753 1932 831 1996 ergo
845 1914 1018 1979 revirescit
1030 1915 1152 1992 solum,
1172 1914 1234 1979 sed
1253 1915 1353 1980 ctiam

266 2018 360 2083 floret
373 2018 557 2101 imperium.
588 2014 691 2080 Absit
700 2014 801 2080 modo
814 2015 953 2093 invidia,
964 2016 1110 2099 excipiet
1121 2014 1221 2101 hujus
1234 2016 1355 2079 sarculi

267 2122 416 2201 tempore
436 2116 583 2205 ejusdem
605 2117 727 2183 domus
749 2116 873 2183 utinam
896 2122 1070 2201 perpetua,
1089 2121 1178 2182 certe
1197 2116 1355 2183 diuturne

263 2217 467 2301 posteritas!
841 2250 845 2256 ⁴

310 2315 392 2383 Nou
408 2313 547 2384 dubium
559 2322 620 2395 est,
640 2316 792 2384 Curtium
802 2316 857 2383 his
870 2317 983 2383 verbis
995 2336 1106 2383 aevum
1118 2336 1217 2382 suum
1230 2315 1355 2401 signiti-

264 2436 359 2496 care‚
372 2417 433 2482 sed
447 2418 633 2502 quiescerit
646 2419 702 2483 ille
716 2420 897 2501 princepst
916 2419 1112 2503 quandoque
1125 2420 1273 2485 extiterit
1285 2418 1369 2485 ista

267 2521 360 2597 nost
381 2518 436 2583 hic
451 2538 541 2604 aqua
554 2518 660 2585 hmret
673 2536 782 2601 neque
802 2518 914 2584 adhuc
930 2520 1016 2584 iuter
1030 2520 1121 2583 viros
1136 2519 1256 2585 doctos
1269 2524 1356 2587 satis

267 2622 405 2701 constat.
450 2619 540 2685 Nam
556 2617 680 2683 Petrus
694 2617 863 2696 Pithoeos,
878 2618 1103 2701 Bongarsius·
1121 2621 1245 2704 aliique
1261 2621 1356 2686 Prin-

268 2718 375 2802 cipem
390 2717 484 2783 ilium
499 2716 688 2801 Augustum
702 2737 779 2783 esse
793 2719 925 2802 opinati
944 2726 1032 2784 sunt.
1073 2719 1248 2785 Ausonius
1263 2722 1356 2805 Pop·

267 2822 342 2889 msb
355 2844 432 2889 cnm
442 2823 465 2889 J
469 2825 577 2889 scobe
592 2824 787 2889 Perisonio‘
801 2830 835 2889 et
844 2823 923 2889 aliis
934 2825 1046 2891 locum
1058 2826 1166 2892 Curtii
1179 2827 1356 2910 imperium

266 2922 397 2987 Tiberii
411 2926 563 3007 spectare
579 2922 790 2988 contendunt
827 2923 850 2989 J
851 2931 951 2989 ustus
964 2912 1133 3009 lipsius:lv
1147 2926 1357 2991 Brissonius·

267 3041 396 3087 necnon
422 3018 620 3111 Telliesius'·
638 3022 773 3088 Claudii
797 3022 1011 3107 Imperatoris
1032 3025 1236 3110 temporibus
1257 3028 1358 3092 ilium

268 3122 437 3206 adaptent
472 3122 496 3188 J
497 3140 580 3187 auus
596 3122 821 3206 Rutgersius,¹
832 3123 1005 3190 Gerardus
1018 3124 1193 3204 vossius:
1205 3127 1262 3192 Jo.
1277 3128 1357 3194 cle-

266 3220 377 3301 ricus,¹
391 3220 599 3297 Isoccenins¹¹
613 3232 711 3307 atque
726 3223 870 3307 denique
884 3222 1147 3291 Freinshemius¹
1162 3228 1206 3292 ed
1221 3228 1359 3312 Vespa·

267 3325 398 3389 danum
420 3324 533 3407 potius
557 3323 792 3403 referunt31s.
816 3323 1021 3389 Pontanus'·
1042 3324 1193 3392 Curtium
1217 3327 1359 3414 'l'rujeui

267 3424 392 3489 saecuio
406 3422 558 3503 remittit;
570 3422 675 3505 Gasp·
692 3423 870 3490 Berthius¹¹
883 3444 960 3489 eum
972 3426 1034 3490 vix
1043 3428 1263 3511 antiquiorem
1276 3450 1358 3496 esse

299 3618 390 3669 *Not
402 3618 534 3672 iniustis.
862 3620 957 3671 ¹Artis
976 3622 1066 3675 critic.
1077 3626 1110 3675 P.
1120 3640 1166 3677 sss.
1182 3633 1281 3681 seces.
1294 3646 1359 3698 cap.

299 3694 311 3727 ὓ
328 3694 391 3743 Nor.
402 3695 427 3743 iu
439 3694 511 3743 Curr.
524 3708 551 3744 x.
562 3698 585 3743 ⁰.
596 3699 620 3745 8.
829 3702 855 3748 s.
867 3704 908 3751 1⁶.

299 3776 309 3802 2
326 3768 357 3817 Iu
369 3768 458 3819 Curtia
467 3769 605 3820 Vindicate
616 3786 642 3835 p.
651 3774 677 3821 8.
855 3773 874 3807 ‘¹
889 3774 920 3823 in
932 3772 1103 3827 Dedicstione
1111 3778 1237 3830 Notsrum
1247 3782 1279 3831 sd
1290 3783 1361 3834 cor·

298 3844 310 3879 ὖ
328 3844 390 3894 Not.
402 3844 435 3893 sd
444 3844 527 3894 Tacit.
540 3846 631 3896 Anasi.
644 3860 684 3897 ιι.
694 3852 734 3897 stt.
829 3848 903 3898 tium

298 3927 309 3953 ⁸
327 3920 368 3969 De
381 3920 470 3981 Regno
479 3920 615 3971 Persarum
627 3922 671 3971 lib.
685 3935 704 3972 r.
861 3923 868 3955 ¹
882 3924 914 3973 in
924 3924 988 3975 Not.
999 3924 1032 3973 sd
1041 3925 1127 3976 csrtit
1137 3939 1166 3977 x.
1176 3930 1202 3977 d.
1212 3932 1237 3979 t.

299 3994 310 4025 i
324 3994 355 4043 iu
365 3994 473 4045 Proeist.
484 3996 516 4045 sd
529 3998 653 4049 Curtium.
861 4008 879 4033 ¹
896 4000 927 4049 Iu
940 4000 1025 4063 Epist.
1035 4004 1076 4050 89.
1084 4006 1125 4049 6⁰.
1137 4010 1166 4051 ct
1177 4004 1281 4065 passim.

299 4076 312 4111 Ι
328 4068 359 4117 in
371 4070 469 4120 Varias.
480 4072 594 4123 lection.
609 4073 653 4125 lib.
666 4088 685 4123 r.
696 4088 719 4123 c.
731 4078 771 4123 ln.
861 4084 873 4108 ¹
890 4074 921 4125 iu
932 4076 1016 4141 Epist.
1028 4075 1060 4124 sd
1071 4076 1114 4128 Jo.
1126 4076 1342 4133 Freinsheminm.

298 4140 311 4175 δ
328 4142 367 4193 De
378 4143 515 4195 Historicis
533 4147 618 4199 Latin.
629 4148 674 4200 lib.
683 4162 702 4199 r.
711 4164 734 4200 c.
746 4154 786 4200 18.
