2925 4867
347 403 475 454 suern.
499 403 540 452 nt
563 405 600 466 o.
622 403 798 456 overrun
824 407 896 456 nra.
919 409 959 455 rr.
1132 389 1197 456 117

96 553 156 617 est,
168 563 237 624 qun
250 543 400 608 Abderam
421 557 452 608 et
474 548 648 608 Maroneam
670 547 762 610 ducit.
807 553 854 610 15.
876 550 952 610 Nam
974 549 1004 610 in
1026 549 1125 610 littore
1138 549 1195 610 iter

97 641 195 702 facere
209 643 387 718 instituerat,
400 654 434 706 nt
448 646 573 704 naribus
586 645 660 716 suis,
672 665 741 726 quan
747 645 834 724 juxte
848 645 1042 717 ducebantur,
1052 646 1195 726 praesidio

100 749 191 809 esset,
200 739 226 798 si
239 739 341 800 Persae
354 742 430 801 torta
443 740 654 808 eccunissentr
676 742 786 821 quippe
800 741 850 801 isti
863 751 926 800 tnm
941 742 1029 802 etiam
1042 743 1132 802 maris
1141 743 1195 801 irn-

98 834 214 912 perium
237 837 421 898 obtinebant.
461 837 522 917 lpsi
544 836 623 896 enirn
646 836 765 898 modice
788 837 912 905 classisr
935 849 966 898 st
990 838 1070 920 apud
1093 839 1195 900 hostes

100 929 219 1009 Cypriae
232 930 451 1012 Phaeniciraqne
464 951 566 1004 neres,
584 934 753 1012 assuetique
772 935 923 996 maritimis
937 936 1024 996 rebus
1043 935 1198 1006 classiarii,

99 1034 132 1086 et
157 1028 393 1088 exercitatissimi
419 1028 546 1108 remiges
569 1038 664 1088 erant.
709 1031 757 1092 16.
780 1030 858 1090 Nem
886 1029 1075 1104 Macedonia,
1101 1049 1198 1110 nuper

99 1131 216 1183 tentato
238 1125 327 1186 maris
346 1124 479 1204 imperio,
500 1124 634 1186 nondum
657 1125 830 1188 abundabat
854 1129 998 1194 naribusr
1020 1138 1051 1187 et
1071 1147 1090 1186 a
1108 1127 1196 1188 sociis

97 1217 230 1298 maligne
242 1222 459 1299 praebebantur.
500 1221 598 1280 Etiam
612 1221 821 1294 Athenienses,
835 1241 903 1283 curn
917 1223 955 1282 ab
969 1221 1040 1302 ipsis
1062 1222 1195 1284 triremes

97 1325 279 1394 peterentur,
292 1327 408 1378 tantam
430 1335 491 1378 xx.
512 1316 675 1378 miserunt:
697 1319 925 1398 suggerentibus
949 1335 1049 1378 eorum
1071 1318 1197 1382 oratori·

98 1412 183 1482 bns,l
206 1413 388 1492 ‘ponentem
412 1431 491 1483 esse,
504 1431 543 1472 ne
562 1412 661 1473 classe
684 1423 819 1494 accepta,
834 1425 939 1475 contm
963 1432 1015 1474 eos
1029 1413 1080 1495 qui
1098 1417 1196 1480 misis-

98 1517 178 1578 sent,
190 1509 341 1572 nteretur.'
386 1512 432 1570 17.
455 1509 500 1568 Ex
514 1509 551 1568 iis
564 1508 638 1570 locis
652 1509 692 1570 ad
712 1509 846 1584 Hebrum
858 1511 978 1570 fluvium
993 1513 1168 1575 contendit:
1181 1527 1194 1560 ¹

97 1623 160 1684 qno
180 1604 262 1666 band
283 1605 441 1667 difficulter
466 1607 652 1678 transmisso,
672 1608 703 1666 in
724 1607 867 1668 Poetioem
887 1607 1022 1668 Threcia
1045 1611 1195 1688 regionem

95 1702 252 1780 pervenit:
272 1702 342 1762 inde
354 1715 493 1782 snperato
514 1723 611 1774 amne,
625 1723 712 1782 quern
727 1709 737 1740 ‘
754 1701 921 1764 Melnnem’
934 1704 1096 1784 appellant,
1110 1706 1194 1785 rige-

96 1797 173 1858 simo
187 1808 344 1879 postquem
359 1819 379 1858 a
395 1799 485 1859 dorne
498 1800 649 1878 proiectus
663 1799 759 1860 iuerat
771 1799 831 1872 die,
853 1800 961 1860 Seston
981 1799 1080 1878 attigit
1092 1801 1123 1858 in
1143 1819 1195 1860 er-

95 1894 198 1954 tremis
212 1896 391 1966 continentis
413 1897 519 1956 finibus
543 1895 742 1975 Hellesponto
761 1897 971 1968 imminentem,
986 1915 1044 1975 qna
1059 1899 1196 1975 angustis

95 1989 237 2050 flactibus
251 1992 431 2052 insinuatum
443 2011 524 2052 ruere
536 1991 639 2052 Asiam
653 1992 691 2051 ab
704 1991 824 2070 Europe
843 1991 964 2052 dirimit.
1009 1994 1056 2052 le.
1078 1991 1197 2073 Quippe

98 2085 281 2146 Macedonia
289 2087 443 2148 Thraciam
457 2087 645 2168 conjunctam
653 2088 763 2155 habete
785 2107 853 2167 quse
867 2105 1042 2166 procurrens
1056 2087 1085 2145 in
1099 2099 1195 2148 ortum

97 2181 217 2244 duobus
240 2184 387 2264 capitibus
409 2185 511 2244 Asiam
530 2183 749 2263 tangeret,aisi
771 2181 973 2243 intercedente
996 2181 1104 2262 pelago
1117 2201 1197 2243 sum-

96 2287 283 2340 moveretur:
305 2279 410 2340 dextra
422 2278 636 2358 Hellespontus
650 2289 748 2347 arcet:
769 2277 893 2340 alterius
909 2277 1093 2357 Bosphorus,
1106 2295 1196 2356 quern

96 2372 256 2436 'lbrsciura
268 2375 431 2456 appellent,
442 2375 617 2456 Bysentinm
630 2394 649 2436 a
662 2373 854 2436 Chalcedone
869 2383 997 2455 separat.
1042 2375 1091 2434 19.
1114 2373 1197 2434 later

95 2471 151 2531 bss
164 2472 322 2550 angustias
335 2473 498 2552 intercepte
510 2471 668 2551 Propontis
677 2471 741 2551 jam
754 2471 866 2534 laxiore
880 2471 977 2553 spatio
987 2471 1076 2551 juxte
1091 2469 1196 2549 Bithy·

98 2568 178 2627 niam
201 2579 233 2628 et
254 2567 396 2629 Ponticas
419 2569 556 2649 regiones
577 2567 763 2632 diffunditur.
804 2567 887 2630 lnlra
908 2567 1079 2646 Bithyniam
1096 2564 1202 2644 Mysia·

96 2674 162 2732 estr
184 2663 295 2724 deinde
319 2663 459 2745 Phrygia,
472 2664 689 2746 Phrygiamque
710 2665 889 2743 contingens
911 2662 1015 2743 Lydia,
1036 2660 1155 2740 longius
1176 2679 1195 2720 a

98 2761 170 2820 mari
183 2771 317 2823 remotae.
359 2762 486 2820 interius
500 2761 648 2840 spatiosas
660 2760 797 2840 regiones
814 2759 972 2820 celebratae
992 2755 1196 2817 tecunffltnis

97 2857 304 2936 etopnlentire
317 2867 423 2936 gentes
442 2857 587 2917 habitant.
628 2857 679 2917 20.
702 2855 814 2916 littore
835 2875 903 2934 quae
926 2853 1061 2913 Thracire
1082 2852 1197 2912 Graeci-

98 2971 184 3032 oeqne
208 2955 334 3014 obversa
353 2963 434 3024 snat,
450 2951 657 3032 Hellespontii,
679 2951 788 3012 deinde
805 2951 897 3011 Troes
918 2948 1032 3019 colunt,
1046 2949 1200 3009 calamita·

96 3049 178 3108 tibus
190 3048 305 3129 inclyti.
344 3050 424 3109 Infra
436 3049 492 3110 hoa
513 3048 605 3108 AEolis
619 3058 651 3108 et
664 3048 750 3108 lonis
771 3047 928 3126 perlonga
952 3045 1085 3106 littorum
1101 3046 1198 3124 spatia

99 3143 201 3224 Lydiae
213 3145 448 3225 praetenduntur.
490 3145 580 3205 Caria
592 3143 701 3206 deinde
720 3163 789 3204 cum
812 3131 928 3203 annexa
952 3139 1075 3208 Doride,
1087 3157 1199 3218 magna

96 3259 139 3300 ex
149 3251 233 3320 perte
246 3242 319 3301 mari
332 3241 521 3314 circumfusa,
535 3259 595 3300 non
616 3241 713 3301 minus
736 3238 835 3319 amplo
860 3247 956 3298 tractu
977 3237 1136 3296 introrsum
1150 3253 1198 3296 re·

97 3335 189 3398 cedit.
229 3340 283 3399 el.
314 3337 371 3397 llis
395 3338 480 3397 terris
517 3335 711 3398 nobilissime
749 3334 855 3395 insulae
891 3332 1047 3412 adjacent:
1083 3329 1198 3390 Lesbos

98 3432 226 3505 AEolica,
238 3433 334 3493 Chius
347 3443 379 3493 et
391 3434 499 3492 Sarnus
514 3433 616 3504 lonioe,
627 3441 658 3491 et
668 3431 780 3491 Dorica
793 3427 931 3500 Rhodus,
946 3426 1071 3504 alioeque
1085 3426 1198 3500 multae,

97 3547 222 3607 quarum
236 3529 359 3589 nomina
368 3528 541 3590 Grecorum
554 3529 753 3588 monumentis
776 3525 985 3586 inclaruerunt.
1027 3521 1105 3581 Nam
1120 3523 1199 3584 anti-

96 3623 167 3703 quis
183 3624 363 3706 temporibus
384 3644 500 3684 ornnern
523 3624 601 3683 benc
614 3643 696 3683 oram
720 3621 839 3682 Graecia
857 3617 1060 3700 frequentibus
1074 3618 1198 3678 coloniis

96 3717 265 3780 insederat:
287 3739 356 3798 qma
370 3730 432 3780 turn
447 3738 567 3798 quoqne
581 3719 759 3785 manebant:
781 3715 835 3776 sed
856 3716 1013 3775 Persarum
1029 3713 1091 3792 regi
1103 3724 1198 3772 satra·

96 3815 204 3894 piaque
228 3815 384 3896 subjectae,
411 3817 539 3896 priscam
569 3816 666 3895 gentis
693 3815 859 3874 libertatem
883 3811 1036 3871 herberica
1060 3809 1199 3871 servitute

97 3921 295 3972 mutaverant.
337 3913 387 3972 22.
408 3909 577 3972 Alexander
597 3910 649 3972 ubi
670 3911 779 3970 Seston
797 3907 951 3990 pervenit,'
970 3905 1126 3966 maximam
1147 3924 1199 3968 co·

132 4165 151 4202 t>
176 4158 244 4210 Plrt.
269 4161 296 4210 ln
320 4173 349 4211 ι.
371 4159 448 4209 Orat.
471 4171 536 4209 rut.
557 4163 583 4208 9.
605 4163 646 4210 st*
705 4151 838 4208 *Arrlsm
850 4153 868 4206 l.
879 4155 897 4204 l.

95 4250 142 4289 ts.
157 4239 181 4287 t.
338 4239 342 4244 ’
507 4296 517 4312 .
706 4231 773 4282 ⁸1d.
784 4230 801 4282 l.
815 4232 833 4282 l.
