<?xml version="1.0" encoding="UTF-8"?>
<!DOCTYPE html PUBLIC "-//W3C//DTD XHTML 1.0 Transitional//EN"
    "http://www.w3.org/TR/xhtml1/DTD/xhtml1-transitional.dtd">
<html xmlns="http://www.w3.org/1999/xhtml" xml:lang="en" lang="en">
 <head>
  <title>
</title>
<meta http-equiv="Content-Type" content="text/html;charset=utf-8" />
  <meta name='ocr-system' content='tesseract 3.04.00' />
  <meta name='ocr-capabilities' content='ocr_page ocr_carea ocr_par ocr_line ocrx_word'/>
</head>
<body>
  <div class='ocr_page' id='page_1' title='image "./quinticurtiiruf00rufugoog_0123.png"; bbox 0 0 2925 4867; ppageno 0'>
   <div class='ocr_carea' id='block_1_1' title="bbox 362 376 1202 458">
    <p class='ocr_par' dir='ltr' id='par_1_1' title="bbox 362 376 1202 458">
     <span class='ocr_line' id='line_1_1' title="bbox 362 376 1202 458; baseline -0.004 -14"><span class='ocrx_word' id='word_1_1' title='bbox 362 394 491 444; x_wconf 79' lang='lat' dir='ltr'>auran.</span> <span class='ocrx_word' id='word_1_2' title='bbox 513 395 554 445; x_wconf 82' lang='lat' dir='ltr'>ru</span> <span class='ocrx_word' id='word_1_3' title='bbox 578 397 614 458; x_wconf 82' lang='lat' dir='ltr'>c.</span> <span class='ocrx_word' id='word_1_4' title='bbox 636 393 812 444; x_wconf 82' lang='lat' dir='ltr'>ouarrurr</span> <span class='ocrx_word' id='word_1_5' title='bbox 837 393 908 442; x_wconf 85' lang='lat' dir='ltr'>nra.</span> <span class='ocrx_word' id='word_1_6' title='bbox 931 394 956 442; x_wconf 90' lang='lat' dir='ltr'>r.</span> <span class='ocrx_word' id='word_1_7' title='bbox 1137 376 1202 442; x_wconf 76' lang='lat'>103</span> 
     </span>
    </p>
   </div>
   <div class='ocr_carea' id='block_1_2' title="bbox 102 533 1203 2428">
    <p class='ocr_par' dir='ltr' id='par_1_2' title="bbox 102 533 1203 2428">
     <span class='ocr_line' id='line_1_2' title="bbox 107 533 1202 616; baseline -0.006 -18"><span class='ocrx_word' id='word_1_8' title='bbox 107 543 220 598; x_wconf 77' lang='lat' dir='ltr'>aarum.</span> <span class='ocrx_word' id='word_1_9' title='bbox 263 536 294 594; x_wconf 85' lang='lat'>8.</span> <span class='ocrx_word' id='word_1_10' title='bbox 316 534 452 615; x_wconf 85' lang='lat' dir='ltr'>Cumque</span> <span class='ocrx_word' id='word_1_11' title='bbox 472 537 581 616; x_wconf 77' lang='lat' dir='ltr'>vulgae</span> <span class='ocrx_word' id='word_1_12' title='bbox 601 536 728 598; x_wconf 88' lang='lat' dir='ltr'>militum</span> <span class='ocrx_word' id='word_1_13' title='bbox 754 533 952 596; x_wconf 68' lang='lat' dir='ltr'><strong>misericordia</strong></span> <span class='ocrx_word' id='word_1_14' title='bbox 975 542 1202 614; x_wconf 81' lang='lat' dir='ltr'>permoveretur,</span> 
     </span>
     <span class='ocr_line' id='line_1_3' title="bbox 109 631 1201 712; baseline -0.002 -20"><span class='ocrx_word' id='word_1_15' title='bbox 109 631 172 692; x_wconf 86' lang='lat' dir='ltr'>dux</span> <span class='ocrx_word' id='word_1_16' title='bbox 198 649 301 692; x_wconf 87' lang='lat' dir='ltr'>eorum</span> <span class='ocrx_word' id='word_1_17' title='bbox 327 633 461 712; x_wconf 72' lang='lat' dir='ltr'>Ampiae,</span> <span class='ocrx_word' id='word_1_18' title='bbox 488 635 583 694; x_wconf 84' lang='lat' dir='ltr'>Areae</span> <span class='ocrx_word' id='word_1_19' title='bbox 610 651 727 712; x_wconf 74' lang='lat' dir='ltr'>genere,</span> <span class='ocrx_word' id='word_1_20' title='bbox 755 651 852 692; x_wconf 86' lang='lat' dir='ltr'>morae</span> <span class='ocrx_word' id='word_1_21' title='bbox 877 631 1031 697; x_wconf 75' lang='lat' dir='ltr'>nectebat:</span> <span class='ocrx_word' id='word_1_22' title='bbox 1059 647 1118 688; x_wconf 91' lang='lat' dir='ltr'>non</span> <span class='ocrx_word' id='word_1_23' title='bbox 1140 641 1201 690; x_wconf 87' lang='lat' dir='ltr'>tant</span> 
     </span>
     <span class='ocr_line' id='line_1_4' title="bbox 109 725 1202 810; baseline -0.003 -21"><span class='ocrx_word' id='word_1_24' title='bbox 109 727 221 806; x_wconf 84' lang='lat' dir='ltr'>incepti</span> <span class='ocrx_word' id='word_1_25' title='bbox 238 727 414 790; x_wconf 83' lang='lat' dir='ltr'>difficultate</span> <span class='ocrx_word' id='word_1_26' title='bbox 427 730 555 802; x_wconf 83' lang='lat' dir='ltr'>territur,</span> <span class='ocrx_word' id='word_1_27' title='bbox 566 749 655 810; x_wconf 88' lang='lat' dir='ltr'>quarn</span> <span class='ocrx_word' id='word_1_28' title='bbox 670 748 721 808; x_wconf 88' lang='lat' dir='ltr'>per</span> <span class='ocrx_word' id='word_1_29' title='bbox 734 727 896 800; x_wconf 71' lang='lat' dir='ltr'>arentiam,</span> <span class='ocrx_word' id='word_1_30' title='bbox 911 735 944 786; x_wconf 91' lang='lat' dir='ltr'>nt</span> <span class='ocrx_word' id='word_1_31' title='bbox 957 745 975 786; x_wconf 92' lang='lat' dir='ltr'>a</span> <span class='ocrx_word' id='word_1_32' title='bbox 995 725 1202 786; x_wconf 71' lang='lat' dir='ltr'>festinantibus</span> 
     </span>
     <span class='ocr_line' id='line_1_5' title="bbox 108 821 1202 904; baseline -0.002 -20"><span class='ocrx_word' id='word_1_33' title='bbox 108 834 145 884; x_wconf 81' lang='lat' dir='ltr'>et</span> <span class='ocrx_word' id='word_1_34' title='bbox 168 824 347 884; x_wconf 68' lang='lat' dir='ltr'>amaritate</span> <span class='ocrx_word' id='word_1_35' title='bbox 374 825 469 885; x_wconf 89' lang='lat' dir='ltr'>anxiia</span> <span class='ocrx_word' id='word_1_36' title='bbox 495 824 591 904; x_wconf 83' lang='lat' dir='ltr'>major</span> <span class='ocrx_word' id='word_1_37' title='bbox 617 824 796 903; x_wconf 73' lang='lat' dir='ltr'>stipendium</span> <span class='ocrx_word' id='word_1_38' title='bbox 824 822 980 901; x_wconf 83' lang='lat' dir='ltr'>acciperet.</span> <span class='ocrx_word' id='word_1_39' title='bbox 1034 823 1064 882; x_wconf 89' lang='grc'>9.</span> <span class='ocrx_word' id='word_1_40' title='bbox 1091 821 1202 882; x_wconf 83' lang='lat' dir='ltr'>Decem</span> 
     </span>
     <span class='ocr_line' id='line_1_6' title="bbox 108 917 1203 998; baseline -0.002 -20"><span class='ocrx_word' id='word_1_41' title='bbox 108 917 224 978; x_wconf 84' lang='lat' dir='ltr'>talanta</span> <span class='ocrx_word' id='word_1_42' title='bbox 236 919 452 998; x_wconf 79' lang='lat' dir='ltr'>poscebantur:</span> <span class='ocrx_word' id='word_1_43' title='bbox 472 939 590 981; x_wconf 84' lang='lat' dir='ltr'>cacum</span> <span class='ocrx_word' id='word_1_44' title='bbox 603 920 736 981; x_wconf 85' lang='lat' dir='ltr'>Thebani</span> <span class='ocrx_word' id='word_1_45' title='bbox 754 939 813 981; x_wconf 91' lang='lat' dir='ltr'>non</span> <span class='ocrx_word' id='word_1_46' title='bbox 827 921 1014 989; x_wconf 83' lang='lat' dir='ltr'>conficerent,</span> <span class='ocrx_word' id='word_1_47' title='bbox 1029 935 1047 977; x_wconf 93' lang='lat' dir='ltr'>a</span> <span class='ocrx_word' id='word_1_48' title='bbox 1060 917 1203 978; x_wconf 84' lang='lat' dir='ltr'>Macedo·</span> 
     </span>
     <span class='ocr_line' id='line_1_7' title="bbox 108 1011 1202 1094; baseline 0.002 -24"><span class='ocrx_word' id='word_1_49' title='bbox 108 1013 188 1072; x_wconf 78' lang='lat' dir='ltr'>nicta</span> <span class='ocrx_word' id='word_1_50' title='bbox 201 1013 338 1074; x_wconf 84' lang='lat' dir='ltr'>lecticoia</span> <span class='ocrx_word' id='word_1_51' title='bbox 351 1014 519 1074; x_wconf 73' lang='lat' dir='ltr'>bominibus</span> <span class='ocrx_word' id='word_1_52' title='bbox 531 1014 631 1075; x_wconf 88' lang='lat' dir='ltr'>oblata</span> <span class='ocrx_word' id='word_1_53' title='bbox 644 1024 725 1085; x_wconf 87' lang='lat' dir='ltr'>aunt,</span> <span class='ocrx_word' id='word_1_54' title='bbox 739 1025 773 1074; x_wconf 93' lang='lat' dir='ltr'>ut</span> <span class='ocrx_word' id='word_1_55' title='bbox 786 1014 961 1094; x_wconf 74' lang='lat' dir='ltr'>quiesceret.</span> <span class='ocrx_word' id='word_1_56' title='bbox 1002 1013 1049 1074; x_wconf 90' lang='lat' dir='ltr'>lta</span> <span class='ocrx_word' id='word_1_57' title='bbox 1062 1011 1100 1072; x_wconf 90' lang='lat' dir='ltr'>de</span> <span class='ocrx_word' id='word_1_58' title='bbox 1113 1012 1202 1072; x_wconf 84' lang='lat' dir='ltr'>Arca·</span> 
     </span>
     <span class='ocr_line' id='line_1_8' title="bbox 109 1105 1202 1190; baseline 0 -22"><span class='ocrx_word' id='word_1_59' title='bbox 109 1107 185 1168; x_wconf 86' lang='lat' dir='ltr'>dnm</span> <span class='ocrx_word' id='word_1_60' title='bbox 198 1110 314 1170; x_wconf 75' lang='lat' dir='ltr'>auxiliis</span> <span class='ocrx_word' id='word_1_61' title='bbox 323 1110 529 1170; x_wconf 87' lang='lat' dir='ltr'>Thebanorum</span> <span class='ocrx_word' id='word_1_62' title='bbox 542 1130 611 1190; x_wconf 87' lang='lat' dir='ltr'>epea</span> <span class='ocrx_word' id='word_1_63' title='bbox 624 1110 655 1169; x_wconf 90' lang='lat' dir='ltr'>io</span> <span class='ocrx_word' id='word_1_64' title='bbox 668 1109 792 1169; x_wconf 87' lang='lat' dir='ltr'>nibilum</span> <span class='ocrx_word' id='word_1_65' title='bbox 806 1109 920 1170; x_wconf 79' lang='lat' dir='ltr'>recidit.</span> <span class='ocrx_word' id='word_1_66' title='bbox 955 1111 1002 1168; x_wconf 91' lang='lat'>10.</span> <span class='ocrx_word' id='word_1_67' title='bbox 1012 1105 1093 1168; x_wconf 83' lang='lat' dir='ltr'>Alica</span> <span class='ocrx_word' id='word_1_68' title='bbox 1103 1117 1202 1168; x_wconf 89' lang='lat' dir='ltr'>tamen</span> 
     </span>
     <span class='ocr_line' id='line_1_9' title="bbox 107 1203 1203 1284; baseline -0.003 -20"><span class='ocrx_word' id='word_1_69' title='bbox 107 1222 149 1264; x_wconf 82' lang='lat' dir='ltr'>ex</span> <span class='ocrx_word' id='word_1_70' title='bbox 172 1203 381 1284; x_wconf 69' lang='lat' dir='ltr'>Peloponneso</span> <span class='ocrx_word' id='word_1_71' title='bbox 398 1205 510 1284; x_wconf 83' lang='lat' dir='ltr'>copiae,</span> <span class='ocrx_word' id='word_1_72' title='bbox 534 1225 571 1266; x_wconf 91' lang='lat' dir='ltr'>ne</span> <span class='ocrx_word' id='word_1_73' title='bbox 593 1203 736 1265; x_wconf 73' lang='lat' dir='ltr'>adventuo</span> <span class='ocrx_word' id='word_1_74' title='bbox 754 1204 871 1265; x_wconf 82' lang='lat' dir='ltr'>&#39;l&#39;bebaa</span> <span class='ocrx_word' id='word_1_75' title='bbox 891 1204 1060 1275; x_wconf 73' lang='lat' dir='ltr'>militarent,</span> <span class='ocrx_word' id='word_1_76' title='bbox 1076 1203 1203 1284; x_wconf 79' lang='lat' dir='ltr'>pecruda</span> 
     </span>
     <span class='ocr_line' id='line_1_10' title="bbox 107 1297 1202 1380; baseline 0 -20"><span class='ocrx_word' id='word_1_77' title='bbox 107 1297 328 1360; x_wconf 67' lang='lat' dir='ltr'>Ducatlrema</span> <span class='ocrx_word' id='word_1_78' title='bbox 341 1302 456 1362; x_wconf 83' lang='lat' dir='ltr'>avertit.</span> <span class='ocrx_word' id='word_1_79' title='bbox 485 1300 621 1380; x_wconf 87' lang='lat' dir='ltr'>Namque</span> <span class='ocrx_word' id='word_1_80' title='bbox 635 1312 767 1361; x_wconf 76' lang='lat' dir='ltr'>ueceuta</span> <span class='ocrx_word' id='word_1_81' title='bbox 781 1299 893 1360; x_wconf 86' lang='lat' dir='ltr'>talenta</span> <span class='ocrx_word' id='word_1_82' title='bbox 906 1319 925 1359; x_wconf 89' lang='lat' dir='ltr'>a</span> <span class='ocrx_word' id='word_1_83' title='bbox 938 1298 1036 1360; x_wconf 82' lang='lat' dir='ltr'>Peraia</span> <span class='ocrx_word' id='word_1_84' title='bbox 1050 1299 1202 1378; x_wconf 86' lang='lat' dir='ltr'>accepiaae</span> 
     </span>
     <span class='ocr_line' id='line_1_11' title="bbox 106 1385 1203 1475; baseline 0.001 -22"><span class='ocrx_word' id='word_1_85' title='bbox 106 1392 289 1466; x_wconf 62' lang='lat' dir='ltr'>dicebaturp</span> <span class='ocrx_word' id='word_1_86' title='bbox 315 1397 382 1475; x_wconf 88' lang='lat' dir='ltr'>qnia</span> <span class='ocrx_word' id='word_1_87' title='bbox 401 1395 440 1456; x_wconf 91' lang='lat' dir='ltr'>ad</span> <span class='ocrx_word' id='word_1_88' title='bbox 460 1395 669 1456; x_wconf 70' lang='lat' dir='ltr'>iaceamudnm</span> <span class='ocrx_word' id='word_1_89' title='bbox 695 1385 866 1456; x_wconf 76' lang='lat' dir='ltr'>Alexandro</span> <span class='ocrx_word' id='word_1_90' title='bbox 881 1397 1036 1474; x_wconf 79' lang='lat' dir='ltr'>negotium</span> <span class='ocrx_word' id='word_1_91' title='bbox 1063 1405 1203 1456; x_wconf 85' lang='lat' dir='ltr'>uteretur.</span> 
     </span>
     <span class='ocr_line' id='line_1_12' title="bbox 110 1489 1203 1575; baseline 0.001 -27"><span class='ocrx_word' id='word_1_92' title='bbox 110 1489 161 1550; x_wconf 90' lang='lat'>11.</span> <span class='ocrx_word' id='word_1_93' title='bbox 183 1489 238 1575; x_wconf 77' lang='lat' dir='ltr'>llio</span> <span class='ocrx_word' id='word_1_94' title='bbox 256 1490 299 1550; x_wconf 89' lang='lat' dir='ltr'>ita</span> <span class='ocrx_word' id='word_1_95' title='bbox 317 1491 473 1564; x_wconf 72' lang='lat' dir='ltr'>annuatia,</span> <span class='ocrx_word' id='word_1_96' title='bbox 493 1490 661 1552; x_wconf 76' lang='lat' dir='ltr'>Alexander</span> <span class='ocrx_word' id='word_1_97' title='bbox 686 1501 793 1572; x_wconf 82' lang='lat' dir='ltr'>praeter</span> <span class='ocrx_word' id='word_1_98' title='bbox 813 1492 968 1552; x_wconf 78' lang='lat' dir='ltr'>Eordaeam</span> <span class='ocrx_word' id='word_1_99' title='bbox 987 1505 1019 1552; x_wconf 92' lang='lat' dir='ltr'>et</span> <span class='ocrx_word' id='word_1_100' title='bbox 1033 1489 1203 1571; x_wconf 79' lang='lat' dir='ltr'>Elymiotin‚</span> 
     </span>
     <span class='ocr_line' id='line_1_13' title="bbox 103 1585 1202 1668; baseline 0.002 -25"><span class='ocrx_word' id='word_1_101' title='bbox 103 1603 256 1664; x_wconf 78' lang='lat' dir='ltr'>unperque</span> <span class='ocrx_word' id='word_1_102' title='bbox 279 1586 467 1666; x_wconf 74' lang='lat' dir='ltr'>Stympbaem</span> <span class='ocrx_word' id='word_1_103' title='bbox 491 1598 523 1649; x_wconf 89' lang='lat' dir='ltr'>et</span> <span class='ocrx_word' id='word_1_104' title='bbox 543 1588 682 1668; x_wconf 72' lang='lat' dir='ltr'>Parymne</span> <span class='ocrx_word' id='word_1_105' title='bbox 709 1587 788 1667; x_wconf 90' lang='lat' dir='ltr'>rapit</span> <span class='ocrx_word' id='word_1_106' title='bbox 817 1587 993 1654; x_wconf 74' lang='lat' dir='ltr'>exercitum:</span> <span class='ocrx_word' id='word_1_107' title='bbox 1019 1585 1202 1665; x_wconf 76' lang='lat' dir='ltr'>septimoque</span> 
     </span>
     <span class='ocr_line' id='line_1_14' title="bbox 104 1678 1203 1762; baseline 0 -22"><span class='ocrx_word' id='word_1_108' title='bbox 104 1695 182 1758; x_wconf 80' lang='lat' dir='ltr'>poet</span> <span class='ocrx_word' id='word_1_109' title='bbox 200 1681 249 1742; x_wconf 92' lang='lat' dir='ltr'>die</span> <span class='ocrx_word' id='word_1_110' title='bbox 272 1701 362 1761; x_wconf 88' lang='lat' dir='ltr'>quam</span> <span class='ocrx_word' id='word_1_111' title='bbox 385 1701 406 1742; x_wconf 95' lang='lat' dir='ltr'>a</span> <span class='ocrx_word' id='word_1_112' title='bbox 426 1682 509 1744; x_wconf 88' lang='lat' dir='ltr'>Pelio</span> <span class='ocrx_word' id='word_1_113' title='bbox 536 1684 688 1753; x_wconf 85' lang='lat' dir='ltr'>movieaet,</span> <span class='ocrx_word' id='word_1_114' title='bbox 716 1681 857 1744; x_wconf 88' lang='lat' dir='ltr'>Pellenen</span> <span class='ocrx_word' id='word_1_115' title='bbox 880 1681 1041 1742; x_wconf 79' lang='lat' dir='ltr'>&#39;iberralioe</span> <span class='ocrx_word' id='word_1_116' title='bbox 1055 1678 1203 1762; x_wconf 61' lang='lat' dir='ltr'>‘oppidum</span> 
     </span>
     <span class='ocr_line' id='line_1_15' title="bbox 104 1774 1202 1855; baseline -0.003 -18"><span class='ocrx_word' id='word_1_117' title='bbox 104 1776 254 1855; x_wconf 79' lang='lat' dir='ltr'>pervenit.</span> <span class='ocrx_word' id='word_1_118' title='bbox 295 1777 370 1839; x_wconf 82' lang='lat' dir='ltr'>Poat</span> <span class='ocrx_word' id='word_1_119' title='bbox 383 1787 499 1838; x_wconf 82' lang='lat' dir='ltr'>eertum</span> <span class='ocrx_word' id='word_1_120' title='bbox 512 1777 621 1838; x_wconf 88' lang='lat' dir='ltr'>deinde</span> <span class='ocrx_word' id='word_1_121' title='bbox 634 1777 757 1837; x_wconf 88' lang='lat' dir='ltr'>diemin</span> <span class='ocrx_word' id='word_1_122' title='bbox 772 1777 916 1838; x_wconf 77' lang='lat' dir='ltr'>Bootiam</span> <span class='ocrx_word' id='word_1_123' title='bbox 934 1777 1034 1845; x_wconf 82' lang='lat' dir='ltr'>reuit;</span> <span class='ocrx_word' id='word_1_124' title='bbox 1054 1794 1124 1837; x_wconf 85' lang='lat' dir='ltr'>mox</span> <span class='ocrx_word' id='word_1_125' title='bbox 1138 1774 1202 1834; x_wconf 81' lang='lat' dir='ltr'>On-</span> 
     </span>
     <span class='ocr_line' id='line_1_16' title="bbox 104 1870 1202 1954; baseline -0.002 -22"><span class='ocrx_word' id='word_1_126' title='bbox 104 1870 256 1943; x_wconf 80' lang='lat' dir='ltr'>cheatam,</span> <span class='ocrx_word' id='word_1_127' title='bbox 266 1891 319 1932; x_wconf 84' lang='lat' dir='ltr'>aex</span> <span class='ocrx_word' id='word_1_128' title='bbox 332 1873 448 1934; x_wconf 82' lang='lat' dir='ltr'>circiter</span> <span class='ocrx_word' id='word_1_129' title='bbox 461 1891 603 1954; x_wconf 59' lang='lat' dir='ltr'>manuum</span> <span class='ocrx_word' id='word_1_130' title='bbox 616 1872 744 1932; x_wconf 87' lang='lat' dir='ltr'>millibna</span> <span class='ocrx_word' id='word_1_131' title='bbox 759 1873 898 1933; x_wconf 76' lang='lat' dir='ltr'>a&#39;lbebia</span> <span class='ocrx_word' id='word_1_132' title='bbox 912 1873 1071 1934; x_wconf 78' lang='lat' dir='ltr'>dictantem</span> <span class='ocrx_word' id='word_1_133' title='bbox 1085 1888 1202 1952; x_wconf 83' lang='lat' dir='ltr'>procae·</span> 
     </span>
     <span class='ocr_line' id='line_1_17' title="bbox 104 1966 1203 2048; baseline 0.001 -23"><span class='ocrx_word' id='word_1_134' title='bbox 104 1966 160 2026; x_wconf 84' lang='lat' dir='ltr'>ait.</span> <span class='ocrx_word' id='word_1_135' title='bbox 204 1969 251 2028; x_wconf 82' lang='lat' dir='ltr'>te.</span> <span class='ocrx_word' id='word_1_136' title='bbox 266 1969 348 2027; x_wconf 88' lang='lat' dir='ltr'>luter</span> <span class='ocrx_word' id='word_1_137' title='bbox 360 1968 426 2029; x_wconf 82' lang='lat' dir='ltr'>brec</span> <span class='ocrx_word' id='word_1_138' title='bbox 438 1969 570 2029; x_wconf 86' lang='lat' dir='ltr'>&#39;lbebani</span> <span class='ocrx_word' id='word_1_139' title='bbox 583 1968 693 2047; x_wconf 80' lang='lat' dir='ltr'>majore</span> <span class='ocrx_word' id='word_1_140' title='bbox 708 1968 806 2028; x_wconf 90' lang='lat' dir='ltr'>auimo</span> <span class='ocrx_word' id='word_1_141' title='bbox 820 1987 908 2048; x_wconf 91' lang='lat' dir='ltr'>quam</span> <span class='ocrx_word' id='word_1_142' title='bbox 922 1967 1049 2028; x_wconf 82' lang='lat' dir='ltr'>coneilio</span> <span class='ocrx_word' id='word_1_143' title='bbox 1063 1966 1203 2027; x_wconf 75' lang='lat' dir='ltr'>adminic-</span> 
     </span>
     <span class='ocr_line' id='line_1_18' title="bbox 103 2061 1201 2143; baseline -0.003 -20"><span class='ocrx_word' id='word_1_144' title='bbox 103 2063 193 2124; x_wconf 79' lang='lat' dir='ltr'>tratia</span> <span class='ocrx_word' id='word_1_145' title='bbox 207 2064 305 2135; x_wconf 82' lang='lat' dir='ltr'>rebar,</span> <span class='ocrx_word' id='word_1_146' title='bbox 320 2065 451 2123; x_wconf 88' lang='lat' dir='ltr'>omnium</span> <span class='ocrx_word' id='word_1_147' title='bbox 472 2065 566 2143; x_wconf 70' lang='lat' dir='ltr'>ignari</span> <span class='ocrx_word' id='word_1_148' title='bbox 586 2065 736 2143; x_wconf 73' lang='lat' dir='ltr'>agebant:</span> <span class='ocrx_word' id='word_1_149' title='bbox 758 2081 813 2123; x_wconf 89' lang='lat' dir='ltr'>nec</span> <span class='ocrx_word' id='word_1_150' title='bbox 832 2063 904 2123; x_wconf 91' lang='lat' dir='ltr'>dum</span> <span class='ocrx_word' id='word_1_151' title='bbox 925 2063 1003 2132; x_wconf 86' lang='lat' dir='ltr'>intra</span> <span class='ocrx_word' id='word_1_152' title='bbox 1023 2061 1115 2143; x_wconf 79' lang='lat' dir='ltr'>Pylae</span> <span class='ocrx_word' id='word_1_153' title='bbox 1134 2079 1201 2121; x_wconf 83' lang='lat' dir='ltr'>eree</span> 
     </span>
     <span class='ocr_line' id='line_1_19' title="bbox 103 2153 1201 2238; baseline -0.004 -20"><span class='ocrx_word' id='word_1_154' title='bbox 103 2158 270 2218; x_wconf 76' lang='lat' dir='ltr'>credebam</span> <span class='ocrx_word' id='word_1_155' title='bbox 284 2159 483 2220; x_wconf 77' lang='lat' dir='ltr'>Macedonum</span> <span class='ocrx_word' id='word_1_156' title='bbox 496 2160 619 2238; x_wconf 84' lang='lat' dir='ltr'>copiae:</span> <span class='ocrx_word' id='word_1_157' title='bbox 639 2158 736 2238; x_wconf 81' lang='lat' dir='ltr'>iprum</span> <span class='ocrx_word' id='word_1_158' title='bbox 751 2176 819 2216; x_wconf 85' lang='lat' dir='ltr'>vero</span> <span class='ocrx_word' id='word_1_159' title='bbox 832 2175 931 2236; x_wconf 82' lang='lat' dir='ltr'>regem</span> <span class='ocrx_word' id='word_1_160' title='bbox 952 2156 1110 2216; x_wconf 83' lang='lat' dir='ltr'>aduentare</span> <span class='ocrx_word' id='word_1_161' title='bbox 1125 2153 1201 2214; x_wconf 85' lang='lat' dir='ltr'>adeo</span> 
     </span>
     <span class='ocr_line' id='line_1_20' title="bbox 102 2251 1203 2334; baseline -0.003 -20"><span class='ocrx_word' id='word_1_162' title='bbox 102 2252 198 2314; x_wconf 78' lang='lat' dir='ltr'>iidem</span> <span class='ocrx_word' id='word_1_163' title='bbox 210 2257 379 2334; x_wconf 79' lang='lat' dir='ltr'>adpetebat,</span> <span class='ocrx_word' id='word_1_164' title='bbox 392 2266 427 2315; x_wconf 90' lang='lat' dir='ltr'>ut</span> <span class='ocrx_word' id='word_1_165' title='bbox 447 2262 457 2288; x_wconf 77' lang='lat'>⁸</span> <span class='ocrx_word' id='word_1_166' title='bbox 472 2255 570 2334; x_wconf 86' lang='lat' dir='ltr'>potina</span> <span class='ocrx_word' id='word_1_167' title='bbox 581 2253 671 2314; x_wconf 90' lang='lat' dir='ltr'>alium</span> <span class='ocrx_word' id='word_1_168' title='bbox 685 2253 888 2314; x_wconf 80' lang='lat' dir='ltr'>Alexandrum</span> <span class='ocrx_word' id='word_1_169' title='bbox 902 2253 1002 2330; x_wconf 82' lang='lat' dir='ltr'>AEropi</span> <span class='ocrx_word' id='word_1_170' title='bbox 1015 2251 1106 2312; x_wconf 78' lang='lat' dir='ltr'>libum</span> <span class='ocrx_word' id='word_1_171' title='bbox 1121 2269 1203 2312; x_wconf 84' lang='lat' dir='ltr'>exer·</span> 
     </span>
     <span class='ocr_line' id='line_1_21' title="bbox 103 2345 1201 2428; baseline -0.003 -20"><span class='ocrx_word' id='word_1_172' title='bbox 103 2348 179 2408; x_wconf 88' lang='lat' dir='ltr'>citui</span> <span class='ocrx_word' id='word_1_173' title='bbox 207 2351 354 2428; x_wconf 82' lang='lat' dir='ltr'>praecera&#39;</span> <span class='ocrx_word' id='word_1_174' title='bbox 381 2345 619 2412; x_wconf 59' lang='lat' dir='ltr'>contenderent?</span> <span class='ocrx_word' id='word_1_175' title='bbox 662 2351 710 2410; x_wconf 78' lang='lat'>1³.</span> <span class='ocrx_word' id='word_1_176' title='bbox 730 2349 797 2409; x_wconf 85' lang='lat' dir='ltr'>Rex</span> <span class='ocrx_word' id='word_1_177' title='bbox 818 2348 857 2408; x_wconf 90' lang='lat' dir='ltr'>ad</span> <span class='ocrx_word' id='word_1_178' title='bbox 877 2349 977 2408; x_wconf 88' lang='lat' dir='ltr'>lanum</span> <span class='ocrx_word' id='word_1_179' title='bbox 1005 2347 1079 2408; x_wconf 92' lang='lat' dir='ltr'>lclai</span> <span class='ocrx_word' id='word_1_180' title='bbox 1099 2347 1201 2426; x_wconf 86' lang='lat' dir='ltr'>peritia</span> 
     </span>
    </p>
   </div>
   <div class='ocr_carea' id='block_1_3' title="bbox 100 2431 1201 3005">
    <p class='ocr_par' dir='ltr' id='par_1_3' title="bbox 100 2431 1201 3005">
     <span class='ocr_line' id='line_1_22' title="bbox 102 2431 1201 2527; baseline -0.004 -21"><span class='ocrx_word' id='word_1_181' title='bbox 102 2431 229 2515; x_wconf 70' lang='lat' dir='ltr'>ceutria,</span> <span class='ocrx_word' id='word_1_182' title='bbox 241 2445 322 2525; x_wconf 90' lang='lat' dir='ltr'>qnod</span> <span class='ocrx_word' id='word_1_183' title='bbox 336 2458 405 2506; x_wconf 87' lang='lat' dir='ltr'>ante</span> <span class='ocrx_word' id='word_1_184' title='bbox 419 2445 578 2506; x_wconf 77' lang='lat' dir='ltr'>Procridem</span> <span class='ocrx_word' id='word_1_185' title='bbox 590 2453 704 2525; x_wconf 87' lang='lat' dir='ltr'>portam</span> <span class='ocrx_word' id='word_1_186' title='bbox 717 2445 975 2527; x_wconf 31' lang='lat' dir='ltr'>eat,&#39;,poeoitentiaa</span> <span class='ocrx_word' id='word_1_187' title='bbox 987 2461 1089 2504; x_wconf 89' lang='lat' dir='ltr'>eorum</span> <span class='ocrx_word' id='word_1_188' title='bbox 1103 2443 1201 2503; x_wconf 88' lang='lat' dir='ltr'>locum</span> 
     </span>
     <span class='ocr_line' id='line_1_23' title="bbox 104 2537 1200 2619; baseline -0.001 -20"><span class='ocrx_word' id='word_1_189' title='bbox 104 2539 180 2601; x_wconf 85' lang='lat' dir='ltr'>dare</span> <span class='ocrx_word' id='word_1_190' title='bbox 192 2543 404 2610; x_wconf 72' lang='lat' dir='ltr'>conatitneratr</span> <span class='ocrx_word' id='word_1_191' title='bbox 425 2539 550 2602; x_wconf 88' lang='lat' dir='ltr'>camilli</span> <span class='ocrx_word' id='word_1_192' title='bbox 564 2540 716 2619; x_wconf 88' lang='lat' dir='ltr'>eruptione</span> <span class='ocrx_word' id='word_1_193' title='bbox 730 2541 821 2612; x_wconf 83' lang='lat' dir='ltr'>iacta,</span> <span class='ocrx_word' id='word_1_194' title='bbox 841 2541 872 2599; x_wconf 93' lang='lat' dir='ltr'>in</span> <span class='ocrx_word' id='word_1_195' title='bbox 893 2540 1036 2600; x_wconf 87' lang='lat' dir='ltr'>atationer</span> <span class='ocrx_word' id='word_1_196' title='bbox 1057 2537 1200 2599; x_wconf 84' lang='lat' dir='ltr'>Macedo-</span> 
     </span>
     <span class='ocr_line' id='line_1_24' title="bbox 102 2634 1200 2718; baseline -0.003 -22"><span class='ocrx_word' id='word_1_197' title='bbox 102 2657 178 2697; x_wconf 87' lang='lat' dir='ltr'>num</span> <span class='ocrx_word' id='word_1_198' title='bbox 197 2638 318 2708; x_wconf 79' lang='lat' dir='ltr'>inrecti,</span> <span class='ocrx_word' id='word_1_199' title='bbox 338 2638 483 2718; x_wconf 84' lang='lat' dir='ltr'>quaedam</span> <span class='ocrx_word' id='word_1_200' title='bbox 503 2638 694 2710; x_wconf 83' lang='lat' dir='ltr'>interficiunt,</span> <span class='ocrx_word' id='word_1_201' title='bbox 715 2635 790 2696; x_wconf 89' lang='lat' dir='ltr'>alioa</span> <span class='ocrx_word' id='word_1_202' title='bbox 810 2636 878 2696; x_wconf 92' lang='lat' dir='ltr'>loco</span> <span class='ocrx_word' id='word_1_203' title='bbox 898 2636 1028 2715; x_wconf 80' lang='lat' dir='ltr'>pellunt3</span> <span class='ocrx_word' id='word_1_204' title='bbox 1050 2634 1146 2694; x_wconf 89' lang='lat' dir='ltr'>donec</span> <span class='ocrx_word' id='word_1_205' title='bbox 1160 2634 1200 2694; x_wconf 90' lang='lat' dir='ltr'>ad</span> 
     </span>
     <span class='ocr_line' id='line_1_25' title="bbox 103 2728 1200 2814; baseline -0.005 -21"><span class='ocrx_word' id='word_1_206' title='bbox 103 2734 174 2812; x_wconf 85' lang='lat' dir='ltr'>ipaa</span> <span class='ocrx_word' id='word_1_207' title='bbox 189 2733 253 2812; x_wconf 89' lang='lat' dir='ltr'>jam</span> <span class='ocrx_word' id='word_1_208' title='bbox 266 2743 366 2794; x_wconf 80' lang='lat' dir='ltr'>caetra</span> <span class='ocrx_word' id='word_1_209' title='bbox 379 2751 557 2814; x_wconf 68' lang='lat' dir='ltr'>roggrema</span> <span class='ocrx_word' id='word_1_210' title='bbox 570 2732 680 2792; x_wconf 72' lang='lat' dir='ltr'>aminea</span> <span class='ocrx_word' id='word_1_211' title='bbox 689 2732 766 2812; x_wconf 75' lang='lat' dir='ltr'>regie</span> <span class='ocrx_word' id='word_1_212' title='bbox 776 2730 863 2810; x_wconf 84' lang='lat' dir='ltr'>joran</span> <span class='ocrx_word' id='word_1_213' title='bbox 875 2730 949 2791; x_wconf 84' lang='lat' dir='ltr'>levia</span> <span class='ocrx_word' id='word_1_214' title='bbox 963 2739 1111 2790; x_wconf 89' lang='lat' dir='ltr'>armatura</span> <span class='ocrx_word' id='word_1_215' title='bbox 1126 2728 1200 2808; x_wconf 86' lang='lat' dir='ltr'>reje-</span> 
     </span>
     <span class='ocr_line' id='line_1_26' title="bbox 100 2826 1200 2908; baseline -0.004 -20"><span class='ocrx_word' id='word_1_216' title='bbox 100 2830 158 2888; x_wconf 87' lang='lat' dir='ltr'>cit.</span> <span class='ocrx_word' id='word_1_217' title='bbox 189 2830 238 2887; x_wconf 81' lang='lat'>14.</span> <span class='ocrx_word' id='word_1_218' title='bbox 251 2827 438 2901; x_wconf 84' lang='lat' dir='ltr'>Poeterodie</span> <span class='ocrx_word' id='word_1_219' title='bbox 449 2828 488 2889; x_wconf 88' lang='lat' dir='ltr'>ad</span> <span class='ocrx_word' id='word_1_220' title='bbox 500 2838 613 2908; x_wconf 79' lang='lat' dir='ltr'>portat,</span> <span class='ocrx_word' id='word_1_221' title='bbox 621 2826 728 2906; x_wconf 87' lang='lat' dir='ltr'>quibua</span> <span class='ocrx_word' id='word_1_222' title='bbox 743 2826 773 2886; x_wconf 88' lang='lat' dir='ltr'>io</span> <span class='ocrx_word' id='word_1_223' title='bbox 782 2827 911 2886; x_wconf 80' lang='lat' dir='ltr'>Atticam</span> <span class='ocrx_word' id='word_1_224' title='bbox 925 2826 1063 2887; x_wconf 73' lang='lat' dir='ltr'>euntibus</span> <span class='ocrx_word' id='word_1_225' title='bbox 1075 2827 1131 2886; x_wconf 83' lang='lat' dir='ltr'>iter</span> <span class='ocrx_word' id='word_1_226' title='bbox 1144 2835 1200 2897; x_wconf 86' lang='lat' dir='ltr'>eat,</span> 
     </span>
     <span class='ocr_line' id='line_1_27' title="bbox 101 2921 1199 3005; baseline -0.002 -23"><span class='ocrx_word' id='word_1_227' title='bbox 101 2933 243 3005; x_wconf 82' lang='lat' dir='ltr'>promoto</span> <span class='ocrx_word' id='word_1_228' title='bbox 257 2924 398 2996; x_wconf 83' lang='lat' dir='ltr'>exercitu,</span> <span class='ocrx_word' id='word_1_229' title='bbox 418 2935 452 2986; x_wconf 93' lang='lat' dir='ltr'>nt</span> <span class='ocrx_word' id='word_1_230' title='bbox 471 2924 533 2984; x_wconf 83' lang='lat' dir='ltr'>auia</span> <span class='ocrx_word' id='word_1_231' title='bbox 553 2924 583 2982; x_wconf 91' lang='lat' dir='ltr'>iu</span> <span class='ocrx_word' id='word_1_232' title='bbox 604 2941 672 2984; x_wconf 88' lang='lat' dir='ltr'>arce</span> <span class='ocrx_word' id='word_1_233' title='bbox 692 2922 841 2982; x_wconf 88' lang='lat' dir='ltr'>conolnaie</span> <span class='ocrx_word' id='word_1_234' title='bbox 861 2933 970 3002; x_wconf 69' lang='lat' dir='ltr'>precato</span> <span class='ocrx_word' id='word_1_235' title='bbox 990 2933 1079 2993; x_wconf 80' lang='lat' dir='ltr'>erret,</span> <span class='ocrx_word' id='word_1_236' title='bbox 1101 2921 1199 2981; x_wconf 88' lang='lat' dir='ltr'>adhuc</span> 
     </span>
    </p>
   </div>
   <div class='ocr_carea' id='block_1_4' title="bbox 97 3017 1200 3962">
    <p class='ocr_par' dir='ltr' id='par_1_4' title="bbox 97 3017 1200 3962">
     <span class='ocr_line' id='line_1_28' title="bbox 101 3017 1199 3098; baseline 0 -21"><span class='ocrx_word' id='word_1_237' title='bbox 101 3018 314 3091; x_wconf 70' lang='lat' dir='ltr'>mechatur,</span> <span class='ocrx_word' id='word_1_238' title='bbox 326 3029 357 3078; x_wconf 86' lang='lat' dir='ltr'>et</span> <span class='ocrx_word' id='word_1_239' title='bbox 375 3019 401 3078; x_wconf 86' lang='lat' dir='ltr'>ai</span> <span class='ocrx_word' id='word_1_240' title='bbox 421 3019 583 3098; x_wconf 71' lang='lat' dir='ltr'>paeniteret,</span> <span class='ocrx_word' id='word_1_241' title='bbox 596 3017 701 3078; x_wconf 74' lang='lat' dir='ltr'>erroris</span> <span class='ocrx_word' id='word_1_242' title='bbox 714 3017 835 3078; x_wconf 87' lang='lat' dir='ltr'>reniam</span> <span class='ocrx_word' id='word_1_243' title='bbox 842 3019 1023 3079; x_wconf 77' lang='lat' dir='ltr'>ostentabat.</span> <span class='ocrx_word' id='word_1_244' title='bbox 1067 3020 1115 3080; x_wconf 87' lang='lat'>15.</span> <span class='ocrx_word' id='word_1_245' title='bbox 1137 3017 1199 3077; x_wconf 87' lang='lat' dir='ltr'>Sed</span> 
     </span>
     <span class='ocr_line' id='line_1_29' title="bbox 101 3112 1199 3194; baseline 0 -20"><span class='ocrx_word' id='word_1_246' title='bbox 101 3115 215 3193; x_wconf 84' lang='lat' dir='ltr'>quibua</span> <span class='ocrx_word' id='word_1_247' title='bbox 235 3132 295 3192; x_wconf 84' lang='lat' dir='ltr'>pax</span> <span class='ocrx_word' id='word_1_248' title='bbox 313 3115 459 3193; x_wconf 87' lang='lat' dir='ltr'>placebat,</span> <span class='ocrx_word' id='word_1_249' title='bbox 479 3114 614 3194; x_wconf 83' lang='lat' dir='ltr'>potentia</span> <span class='ocrx_word' id='word_1_250' title='bbox 633 3112 772 3186; x_wconf 85' lang='lat' dir='ltr'>exulum,¹</span> <span class='ocrx_word' id='word_1_251' title='bbox 787 3133 945 3194; x_wconf 88' lang='lat' dir='ltr'>eorumque</span> <span class='ocrx_word' id='word_1_252' title='bbox 960 3133 1012 3193; x_wconf 89' lang='lat' dir='ltr'>per</span> <span class='ocrx_word' id='word_1_253' title='bbox 1025 3133 1101 3193; x_wconf 84' lang='lat' dir='ltr'>quor</span> <span class='ocrx_word' id='word_1_254' title='bbox 1116 3133 1199 3174; x_wconf 84' lang='lat' dir='ltr'>raro·</span> 
     </span>
     <span class='ocr_line' id='line_1_30' title="bbox 100 3208 1200 3289; baseline -0.003 -18"><span class='ocrx_word' id='word_1_255' title='bbox 100 3209 167 3271; x_wconf 84' lang='lat' dir='ltr'>cati</span> <span class='ocrx_word' id='word_1_256' title='bbox 179 3209 307 3281; x_wconf 82' lang='lat' dir='ltr'>inerant,</span> <span class='ocrx_word' id='word_1_257' title='bbox 326 3210 580 3289; x_wconf 83' lang='lat' dir='ltr'>opprimebantur:</span> <span class='ocrx_word' id='word_1_258' title='bbox 602 3210 664 3288; x_wconf 76' lang='lat' dir='ltr'>qui,</span> <span class='ocrx_word' id='word_1_259' title='bbox 676 3208 759 3269; x_wconf 90' lang='lat' dir='ltr'>nulla</span> <span class='ocrx_word' id='word_1_260' title='bbox 782 3229 834 3288; x_wconf 87' lang='lat' dir='ltr'>ape</span> <span class='ocrx_word' id='word_1_261' title='bbox 848 3210 951 3270; x_wconf 77' lang='lat' dir='ltr'>salutia</span> <span class='ocrx_word' id='word_1_262' title='bbox 966 3209 1078 3288; x_wconf 89' lang='lat' dir='ltr'>reliqua</span> <span class='ocrx_word' id='word_1_263' title='bbox 1092 3209 1117 3268; x_wconf 85' lang='lat' dir='ltr'>ei</span> <span class='ocrx_word' id='word_1_264' title='bbox 1132 3209 1200 3268; x_wconf 85' lang='lat' dir='ltr'>Ma·</span> 
     </span>
     <span class='ocr_line' id='line_1_31' title="bbox 100 3304 1199 3384; baseline -0.002 -18"><span class='ocrx_word' id='word_1_265' title='bbox 100 3304 238 3366; x_wconf 57' lang='lat' dir='ltr'>Moneo</span> <span class='ocrx_word' id='word_1_266' title='bbox 250 3306 322 3366; x_wconf 88' lang='lat' dir='ltr'>urbe</span> <span class='ocrx_word' id='word_1_267' title='bbox 335 3306 507 3384; x_wconf 83' lang='lat' dir='ltr'>potirentur,</span> <span class='ocrx_word' id='word_1_268' title='bbox 524 3305 627 3384; x_wconf 85' lang='lat' dir='ltr'>patriae</span> <span class='ocrx_word' id='word_1_269' title='bbox 639 3305 732 3366; x_wconf 87' lang='lat' dir='ltr'>ruinia</span> <span class='ocrx_word' id='word_1_270' title='bbox 745 3307 829 3366; x_wconf 92' lang='lat' dir='ltr'>obrui</span> <span class='ocrx_word' id='word_1_271' title='bbox 843 3305 1003 3377; x_wconf 86' lang='lat' dir='ltr'>malebant,</span> <span class='ocrx_word' id='word_1_272' title='bbox 1017 3323 1106 3384; x_wconf 89' lang='lat' dir='ltr'>quam</span> <span class='ocrx_word' id='word_1_273' title='bbox 1119 3304 1199 3364; x_wconf 76' lang='lat' dir='ltr'>illiue</span> 
     </span>
     <span class='ocr_line' id='line_1_32' title="bbox 99 3399 1197 3469; baseline 0.001 -8"><span class='ocrx_word' id='word_1_274' title='bbox 99 3399 337 3462; x_wconf 84' lang='lat' dir='ltr'>incolomitatem</span> <span class='ocrx_word' id='word_1_275' title='bbox 357 3420 412 3461; x_wconf 87' lang='lat' dir='ltr'>auo</span> <span class='ocrx_word' id='word_1_276' title='bbox 430 3401 549 3462; x_wconf 85' lang='lat' dir='ltr'>interitu</span> <span class='ocrx_word' id='word_1_277' title='bbox 565 3420 681 3469; x_wconf 76' lang='lat' dir='ltr'>emere:</span> <span class='ocrx_word' id='word_1_278' title='bbox 701 3412 783 3461; x_wconf 84' lang='lat' dir='ltr'>etex</span> <span class='ocrx_word' id='word_1_279' title='bbox 797 3401 978 3462; x_wconf 80' lang='lat' dir='ltr'>Bmotarchie</span> <span class='ocrx_word' id='word_1_280' title='bbox 993 3399 1152 3460; x_wconf 84' lang='lat' dir='ltr'>nonnullae</span> <span class='ocrx_word' id='word_1_281' title='bbox 1165 3400 1197 3462; x_wconf 92' lang='lat' dir='ltr'>in</span> 
     </span>
     <span class='ocr_line' id='line_1_33' title="bbox 99 3494 1199 3574; baseline -0.002 -16"><span class='ocrx_word' id='word_1_282' title='bbox 99 3496 265 3558; x_wconf 74' lang='lat' dir='ltr'>moenium</span> <span class='ocrx_word' id='word_1_283' title='bbox 287 3506 448 3558; x_wconf 85' lang='lat' dir='ltr'>traxerant.</span> <span class='ocrx_word' id='word_1_284' title='bbox 491 3497 538 3555; x_wconf 88' lang='grc'>16.</span> <span class='ocrx_word' id='word_1_285' title='bbox 560 3496 739 3574; x_wconf 85' lang='lat' dir='ltr'>Quantaque</span> <span class='ocrx_word' id='word_1_286' title='bbox 762 3496 912 3556; x_wconf 88' lang='lat' dir='ltr'>hominum</span> <span class='ocrx_word' id='word_1_287' title='bbox 936 3494 1075 3556; x_wconf 77' lang='lat' dir='ltr'>vecordia</span> <span class='ocrx_word' id='word_1_288' title='bbox 1101 3496 1199 3570; x_wconf 82' lang='lat' dir='ltr'>fuerit,</span> 
     </span>
     <span class='ocr_line' id='line_1_34' title="bbox 98 3590 1199 3672; baseline 0.001 -21"><span class='ocrx_word' id='word_1_289' title='bbox 98 3592 153 3652; x_wconf 81' lang='lat' dir='ltr'>rel</span> <span class='ocrx_word' id='word_1_290' title='bbox 167 3591 239 3651; x_wconf 90' lang='lat' dir='ltr'>binc</span> <span class='ocrx_word' id='word_1_291' title='bbox 250 3591 391 3671; x_wconf 71' lang='lat' dir='ltr'>cognoeci</span> <span class='ocrx_word' id='word_1_292' title='bbox 413 3602 524 3671; x_wconf 61' lang='lat' dir='ltr'>potere</span> <span class='ocrx_word' id='word_1_293' title='bbox 541 3590 624 3671; x_wconf 89' lang='lat' dir='ltr'>quod</span> <span class='ocrx_word' id='word_1_294' title='bbox 644 3591 814 3652; x_wconf 80' lang='lat' dir='ltr'>Alexandro</span> <span class='ocrx_word' id='word_1_295' title='bbox 826 3591 1007 3672; x_wconf 84' lang='lat' dir='ltr'>portulaote,</span> <span class='ocrx_word' id='word_1_296' title='bbox 1027 3598 1037 3627; x_wconf 82' lang='lat'><em>⁴</em></span> <span class='ocrx_word' id='word_1_297' title='bbox 1051 3603 1086 3652; x_wconf 88' lang='lat' dir='ltr'>ut</span> <span class='ocrx_word' id='word_1_298' title='bbox 1099 3591 1199 3652; x_wconf 84' lang='lat' dir='ltr'>deiec-</span> 
     </span>
     <span class='ocr_line' id='line_1_35' title="bbox 97 3687 1199 3772; baseline -0.003 -22"><span class='ocrx_word' id='word_1_299' title='bbox 97 3687 197 3750; x_wconf 76' lang='lat' dir='ltr'>tionia</span> <span class='ocrx_word' id='word_1_300' title='bbox 211 3697 347 3748; x_wconf 82' lang='lat' dir='ltr'>auctorea</span> <span class='ocrx_word' id='word_1_301' title='bbox 359 3687 514 3759; x_wconf 85' lang='lat' dir='ltr'>dederent,</span> <span class='ocrx_word' id='word_1_302' title='bbox 525 3687 642 3748; x_wconf 87' lang='lat' dir='ltr'>dnobua</span> <span class='ocrx_word' id='word_1_303' title='bbox 655 3688 803 3772; x_wconf 76' lang='lat' dir='ltr'>capitibus</span> <span class='ocrx_word' id='word_1_304' title='bbox 816 3707 933 3752; x_wconf 87' lang='lat' dir='ltr'>omnem</span> <span class='ocrx_word' id='word_1_305' title='bbox 948 3687 1076 3748; x_wconf 72' lang='lat' dir='ltr'>civitatis</span> <span class='ocrx_word' id='word_1_306' title='bbox 1090 3706 1199 3747; x_wconf 80' lang='lat' dir='ltr'>noxarn</span> 
     </span>
     <span class='ocr_line' id='line_1_36' title="bbox 98 3771 1199 3866; baseline -0.002 -24"><span class='ocrx_word' id='word_1_307' title='bbox 98 3781 252 3866; x_wconf 82' lang='lat' dir='ltr'>expiaturi</span> <span class='ocrx_word' id='word_1_308' title='bbox 260 3781 279 3849; x_wconf 70' lang='grc' dir='ltr'>ι’</span> <span class='ocrx_word' id='word_1_309' title='bbox 296 3785 344 3844; x_wconf 89' lang='grc'>17.</span> <span class='ocrx_word' id='word_1_310' title='bbox 358 3782 414 3862; x_wconf 88' lang='lat' dir='ltr'>ipai</span> <span class='ocrx_word' id='word_1_311' title='bbox 427 3784 557 3845; x_wconf 85' lang='lat' dir='ltr'>riciaaim</span> <span class='ocrx_word' id='word_1_312' title='bbox 569 3783 716 3846; x_wconf 88' lang='lat' dir='ltr'>Philotam</span> <span class='ocrx_word' id='word_1_313' title='bbox 728 3796 759 3844; x_wconf 90' lang='lat' dir='ltr'>et</span> <span class='ocrx_word' id='word_1_314' title='bbox 770 3771 956 3864; x_wconf 80' lang='lat' dir='ltr'>Antipatrim</span> <span class='ocrx_word' id='word_1_315' title='bbox 969 3783 1114 3863; x_wconf 83' lang='lat' dir='ltr'>principer</span> <span class='ocrx_word' id='word_1_316' title='bbox 1129 3784 1199 3841; x_wconf 87' lang='lat' dir='ltr'>anri·</span> 
     </span>
     <span class='ocr_line' id='line_1_37' title="bbox 97 3875 1197 3962; baseline -0.004 -19"><span class='ocrx_word' id='word_1_317' title='bbox 97 3898 209 3943; x_wconf 74' lang='lat' dir='ltr'>corum</span> <span class='ocrx_word' id='word_1_318' title='bbox 222 3877 300 3957; x_wconf 74' lang='lat' dir='ltr'>regia</span> <span class='ocrx_word' id='word_1_319' title='bbox 311 3877 470 3960; x_wconf 87' lang='lat' dir='ltr'>deporcere</span> <span class='ocrx_word' id='word_1_320' title='bbox 484 3880 543 3941; x_wconf 87' lang='lat' dir='ltr'>rint</span> <span class='ocrx_word' id='word_1_321' title='bbox 557 3881 633 3954; x_wconf 83' lang='lat' dir='ltr'>auri,</span> <span class='ocrx_word' id='word_1_322' title='bbox 642 3891 673 3942; x_wconf 91' lang='lat' dir='ltr'>at</span> <span class='ocrx_word' id='word_1_323' title='bbox 685 3900 738 3962; x_wconf 91' lang='lat' dir='ltr'>per</span> <span class='ocrx_word' id='word_1_324' title='bbox 751 3900 916 3961; x_wconf 76' lang='lat' dir='ltr'>praeconem</span> <span class='ocrx_word' id='word_1_325' title='bbox 928 3875 1139 3960; x_wconf 83' lang='lat' dir='ltr'>pronuntiare‚&#39;‘</span> <span class='ocrx_word' id='word_1_326' title='bbox 1152 3886 1161 3914; x_wconf 89' lang='lat'>‘</span> <span class='ocrx_word' id='word_1_327' title='bbox 1172 3881 1197 3939; x_wconf 88' lang='lat' dir='ltr'>ai</span> 
     </span>
    </p>
   </div>
   <div class='ocr_carea' id='block_1_5' title="bbox 97 4029 1198 4311">
    <p class='ocr_par' dir='ltr' id='par_1_5' title="bbox 97 4029 1198 4249">
     <span class='ocr_line' id='line_1_38' title="bbox 135 4029 827 4098; baseline 0.014 -22"><span class='ocrx_word' id='word_1_328' title='bbox 135 4039 152 4074; x_wconf 73' lang='lat' dir='ltr'>a</span> <span class='ocrx_word' id='word_1_329' title='bbox 168 4029 241 4080; x_wconf 86' lang='lat' dir='ltr'>Plot.</span> <span class='ocrx_word' id='word_1_330' title='bbox 259 4031 395 4083; x_wconf 87' lang='lat' dir='ltr'>Demcrtb.</span> <span class='ocrx_word' id='word_1_331' title='bbox 411 4047 437 4098; x_wconf 92' lang='lat' dir='ltr'>p.</span> <span class='ocrx_word' id='word_1_332' title='bbox 447 4036 505 4086; x_wconf 73' lang='grc'><strong>8111.</strong></span> <span class='ocrx_word' id='word_1_333' title='bbox 515 4033 559 4086; x_wconf 83' lang='lat' dir='ltr'>ld.</span> <span class='ocrx_word' id='word_1_334' title='bbox 568 4034 595 4083; x_wconf 91' lang='lat' dir='ltr'>io</span> <span class='ocrx_word' id='word_1_335' title='bbox 605 4047 634 4084; x_wconf 79' lang='grc' dir='ltr'><strong>ι.</strong></span> <span class='ocrx_word' id='word_1_336' title='bbox 704 4033 712 4068; x_wconf 86' lang='lat'><strong>¹</strong></span> <span class='ocrx_word' id='word_1_337' title='bbox 729 4035 770 4086; x_wconf 85' lang='lat' dir='ltr'>ld.</span> <span class='ocrx_word' id='word_1_338' title='bbox 780 4037 797 4086; x_wconf 85' lang='lat' dir='ltr'>l.</span> <span class='ocrx_word' id='word_1_339' title='bbox 808 4037 827 4088; x_wconf 86' lang='grc' dir='ltr'><strong>Ι.</strong></span> 
     </span>
     <span class='ocr_line' id='line_1_39' title="bbox 98 4101 1198 4177; baseline -0.001 -16"><span class='ocrx_word' id='word_1_340' title='bbox 98 4110 187 4161; x_wconf 76' lang='lat' dir='ltr'>one</span> <span class='ocrx_word' id='word_1_341' title='bbox 207 4121 250 4160; x_wconf 81' lang='grc' dir='ltr'>ιι.</span> <span class='ocrx_word' id='word_1_342' title='bbox 270 4113 296 4159; x_wconf 76' lang='lat' dir='ltr'>a.</span> <span class='ocrx_word' id='word_1_343' title='bbox 316 4109 441 4161; x_wconf 73' lang='lat' dir='ltr'>unum.</span> <span class='ocrx_word' id='word_1_344' title='bbox 467 4119 553 4163; x_wconf 77' lang='lat' dir='ltr'>contr.</span> <span class='ocrx_word' id='word_1_345' title='bbox 579 4112 635 4163; x_wconf 75' lang='lat' dir='ltr'>ue-</span> <span class='ocrx_word' id='word_1_346' title='bbox 688 4101 718 4144; x_wconf 67' lang='lat'>&#39;1</span> <span class='ocrx_word' id='word_1_347' title='bbox 734 4109 805 4160; x_wconf 71' lang='lat' dir='ltr'>Prot.</span> <span class='ocrx_word' id='word_1_348' title='bbox 827 4109 903 4162; x_wconf 71' lang='lat' dir='ltr'>trax.</span> <span class='ocrx_word' id='word_1_349' title='bbox 923 4126 951 4177; x_wconf 83' lang='lat' dir='ltr'>p.</span> <span class='ocrx_word' id='word_1_350' title='bbox 971 4115 1029 4162; x_wconf 89' lang='lat' dir='ltr'>oro.</span> <span class='ocrx_word' id='word_1_351' title='bbox 1050 4109 1127 4164; x_wconf 77' lang='lat' dir='ltr'>nied.</span> <span class='ocrx_word' id='word_1_352' title='bbox 1145 4109 1198 4161; x_wconf 81' lang='lat' dir='ltr'>stc.</span> 
     </span>
     <span class='ocr_line' id='line_1_40' title="bbox 97 4184 852 4249; baseline -0.003 -11"><span class='ocrx_word' id='word_1_353' title='bbox 97 4184 427 4238; x_wconf 54' lang='lat' dir='ltr'>”adornarunt</span> <span class='ocrx_word' id='word_1_354' title='bbox 674 4197 745 4235; x_wconf 83' lang='lat' dir='ltr'>xvrr.</span> <span class='ocrx_word' id='word_1_355' title='bbox 757 4200 783 4249; x_wconf 90' lang='lat' dir='ltr'>p.</span> <span class='ocrx_word' id='word_1_356' title='bbox 795 4190 852 4238; x_wconf 77' lang='lat' dir='ltr'>tot.</span> 
     </span>
    </p>

    <p class='ocr_par' dir='ltr' id='par_1_6' title="bbox 150 4259 337 4311">
     <span class='ocr_line' id='line_1_41' title="bbox 150 4259 337 4311; baseline -0.011 -1"><span class='ocrx_word' id='word_1_357' title='bbox 150 4259 271 4311; x_wconf 64' lang='lat' dir='ltr'>berriae.</span> <span class='ocrx_word' id='word_1_358' title='bbox 282 4272 302 4310; x_wconf 86' lang='lat' dir='ltr'>t.</span> <span class='ocrx_word' id='word_1_359' title='bbox 312 4263 337 4308; x_wconf 75' lang='grc'><strong>*1.</strong></span> 
     </span>
    </p>
   </div>
   <div class='ocr_carea' id='block_1_6' title="bbox 0 0 1468 4867">
    <p class='ocr_par' dir='ltr' id='par_1_7' title="bbox 0 0 1468 4867">
     <span class='ocr_line' id='line_1_42' title="bbox 0 0 1468 4867; baseline 0 2"><span class='ocrx_word' id='word_1_360' title='bbox 0 0 1468 4867; x_wconf 95' lang='lat' dir='ltr'> </span> 
     </span>
    </p>
   </div>
  </div>
 </body>
</html>
