2925 4867
354 361 484 412 suren.
510 364 550 413 rrr
574 367 608 424 o.
633 364 808 414 cnarrusr
837 367 906 414 nra.
931 369 956 414 r.
1157 349 1201 414 89

99 511 223 580 patrem,
236 521 276 562 ne
297 513 410 582 tautam
435 504 537 584 gloriae
558 508 746 577 occasionem
773 526 789 566 e
812 507 947 565 manibus
972 508 1048 568 elabi
1073 505 1200 567 sineret:

100 617 193 677 eoque
208 598 332 659 tandem
345 600 484 678 impulso,
497 601 610 681 primus
625 605 654 662 iu
667 603 782 662 hostem
797 604 937 684 impeturn
951 603 1031 664 feeit.
1075 605 1102 663 7.
1119 603 1200 682 Pug-

100 705 203 752 natum
217 706 266 754 est
280 697 386 755 acriter
399 698 538 776 ambigna
559 698 610 758 diu
634 700 765 771 victoria,
788 699 883 759 donec
907 698 1093 766 adolescens,
1113 717 1199 776 quem

100 809 168 849 cum
197 790 324 850 delectis
353 791 438 852 alteri
466 812 609 854 cornuum
646 796 820 872 proiecerat
847 806 942 872 pater,
971 813 1086 854 summa
1112 792 1201 852 animi

99 884 266 964 viriumque
299 887 490 946 contentione
523 891 679 962 connixus,
708 909 794 950 sacra
828 889 1033 950 Thebanorum
1063 888 1205 957 cohorte,¹

99 999 169 1060 ques
195 1000 234 1040 ex
261 981 378 1059 optimis
402 984 570 1054 constabat,
600 984 666 1044 loco
702 995 792 1057 mota,
817 985 948 1045 victorire
972 985 1049 1044 viam
1078 981 1201 1061 aperuit.

100 1079 129 1136 8.
154 1076 236 1136 Nam
260 1089 292 1136 et
310 1078 508 1140 Athenienses
536 1080 682 1140 sociorum
706 1081 875 1142 calamitate
900 1082 995 1150 fracti,
1016 1090 1151 1159 metuque
1172 1087 1204 1135 et

97 1172 275 1232 vulneribus
288 1174 415 1251 fatigati,
429 1194 488 1234 nou
503 1177 629 1254 amplius
644 1178 811 1237 sustinuere
828 1176 1026 1236 Macedonum
1039 1176 1200 1254 impetum:

99 1267 214 1347 quippe
227 1268 384 1349 Phiiippus
398 1271 598 1341 aemulatione,
611 1282 643 1332 et
660 1271 775 1352 pudore
792 1271 817 1332 si
837 1271 897 1330 filio
911 1270 1102 1331 adolescente
1118 1267 1201 1328 dete-

99 1362 159 1424 rior
173 1362 303 1433 ridetur,
317 1364 416 1442 gravis
431 1365 694 1445 intolerandasque
713 1368 897 1428 incubuerat.
939 1368 968 1425 9.
991 1367 1036 1425 lta
1057 1365 1094 1424 de
1115 1363 1202 1423 liber·

98 1469 161 1518 tate
178 1457 305 1518 Graeciae
319 1458 377 1518 ista
389 1479 491 1537 pugna
504 1461 656 1521 decretum
669 1471 726 1521 est.
769 1462 950 1522 Ceciderunt
965 1460 1002 1521 e'x
1012 1458 1201 1521 Atheniensi·
1244 1495 1246 1500 -

99 1554 157 1614 bns
172 1554 302 1634 amplius
316 1555 407 1626 mille,
421 1575 510 1635 supra
523 1555 584 1617 duo
599 1556 692 1616 millia
704 1557 784 1635 capti
797 1557 895 1616 suere:
918 1559 1065 1618 sociorum
1083 1573 1201 1634 quoque

99 1649 187 1709 multi
210 1660 265 1710 aut
285 1651 447 1729 pugnaudo
468 1663 593 1711 mortem
614 1653 825 1725 occubuerunt,
850 1663 902 1712 aut
923 1651 980 1714 rivi
1004 1662 1149 1712 venerunt
1171 1651 1201 1708 in

99 1756 283 1824 potestatem
294 1746 424 1806 victoris.
457 1749 504 1807 10.
519 1747 633 1808 Missus
643 1748 778 1827 posthaec
789 1747 924 1808 Athenas
934 1748 1121 1808 Alexandert
1134 1755 1203 1806 ‘ve-

100 1841 184 1900 niam
197 1840 373 1929 delictorum
397 1861 560 1921 pacemque
584 1843 816 1904 Atheniensibus
841 1843 1009 1925 Philippum
1023 1843 1111 1904 dare'
1134 1861 1201 1922 pro-

100 1937 269 2004 nuntiarit;
292 1944 300 1970 ⁴
314 1940 448 2016 captivos
461 1939 549 1998 etiarn
564 1939 656 2018 gratis
670 1938 811 2004 redderet
834 1951 1014 2011 narratura,
1028 1942 1097 2018 quin
1112 1940 1203 1998 occisi

99 2032 351 2094 tumularentur?
379 2035 489 2115 quippe
514 2055 565 2094 rex
586 2036 719 2096 intentus
740 2036 770 2094 in
799 2035 950 2096 Persicum
975 2035 1094 2110 bellum,
1118 2035 1204 2093 Grae·

101 2151 206 2192 corum
233 2130 323 2190 fidem
345 2141 436 2210 atque
465 2132 573 2204 studia,
600 2133 758 2192 elementia
780 2143 811 2192 et
832 2132 1033 2193 moderatione
1060 2148 1203 2209 prosoce-

101 2226 177 2287 hat.¹'
222 2228 272 2286 11.
294 2227 421 2307 Imperio
434 2239 533 2288 tamen
552 2229 642 2288 uraris
662 2242 693 2288 et
715 2227 876 2288 insularum
892 2228 1087 2289 Athenienses
1102 2226 1200 2286 exuit:

103 2322 132 2380 in
146 2322 308 2382 Thebanos
322 2323 459 2383 immitior
467 2327 484 2384 :¹
502 2343 628 2402 quorum
642 2323 742 2384 subita
762 2323 927 2384 delectione
944 2323 973 2382 in
995 2340 1140 2382 summum
1157 2335 1204 2382 te·

102 2437 168 2478 rura
182 2419 316 2478 omnium
329 2419 488 2479 discrimen
503 2439 536 2479 se
549 2419 711 2480 adductum
734 2420 827 2480 luisse
849 2421 1034 2486 memineram
1058 2437 1112 2478 nec
1122 2415 1203 2496 judi-

103 2516 193 2574 cabat
219 2515 367 2574 ueteribus
389 2514 489 2587 sociis,
504 2528 575 2594 post
594 2514 740 2574 beneficia
760 2534 825 2586 sua,
850 2532 970 2572 oausam
989 2514 1080 2572 luisse
1101 2521 1205 2571 coutra

103 2611 204 2688 ipsum
230 2629 300 2672 oum
313 2611 546 2671 Atheniensibus
567 2612 724 2678 sentiendi.
769 2614 817 2672 12.
840 2611 919 2688 Ergo
943 2629 1009 2670 cum
1028 2610 1130 2668 urbem
1151 2607 1204 2666 de·

104 2707 266 2780 didissent,
300 2706 442 2788 praesidio
469 2705 668 2768 Macedonum
694 2707 847 2786 imposito,
876 2704 1098 2782 interiectisque
1126 2721 1203 2782 quos

103 2806 234 2864 maxime
257 2802 370 2863 invisos
384 2814 599 2880 suspectosque
619 2803 773 2873 habuerat,
788 2801 853 2860 aliis
868 2799 961 2858 solum
978 2813 1090 2858 vertere
1100 2797 1205 2876 jussis,

104 2899 240 2960 reductis
268 2918 332 2958 susa
356 2899 492 2958 factionis
517 2899 654 2960 exulibus
680 2900 869 2977 magistratus
898 2905 927 2956 et
943 2895 1055 2974 judicia
1075 2893 1206 2954 tradidit.

108 2997 158 3056 13.
180 2995 326 3074 Reliquos
341 2993 449 3055 deinde
463 2995 600 3073 populos,
613 2994 663 3073 qui
684 2994 827 3054 adversus
848 2992 946 3069 ipsum
960 3008 1041 3051 arma
1055 3001 1206 3068 ceperant,

103 3090 212 3152 endem
235 3090 367 3150 victoriis
390 3091 499 3169 impetu
523 3091 702 3169 perdomuit.
745 3090 810 3150 Neo
832 3087 990 3166 quisquam
1008 3095 1072 3146 tota
1087 3085 1206 3144 Gracia

101 3198 214 3268 praeter
228 3184 414 3265 Spartanos*
428 3197 459 3244 et
483 3185 614 3246 Arcades
636 3185 845 3247 dominationis
871 3184 934 3262 ejus
957 3200 1061 3261 expers
1081 3179 1206 3239 mansitr

103 3282 184 3342 alios
198 3281 300 3351 armis,
315 3280 388 3340 alios
402 3281 505 3358 impari
518 3282 660 3341 societate
673 3279 802 3358 imperiis
823 3279 885 3338 suis
906 3278 1049 3338 obnoxios
1067 3277 1205 3336 habebat.

107 3382 162 3438 14.
181 3378 276 3458 igitur
290 3385 439 3436 conventu
461 3377 550 3436 totius
570 3376 695 3436 Graeciae
718 3374 893 3435 Corinthum
916 3371 1037 3444 indicto,
1053 3371 1112 3430 ‘de
1127 3370 1206 3430 bello

104 3472 209 3532 Persis
223 3471 396 3532 inserendo'
410 3471 567 3531 disseruit:
588 3470 729 3531 ‘obuiam
749 3469 880 3530 eundum
903 3486 969 3526 esse
989 3467 1134 3533 barbaries
1155 3466 1208 3524 im·

101 3572 226 3650 perium
238 3569 320 3630 orbis
335 3568 454 3628 immani
480 3567 617 3647 superbia
642 3568 697 3628 sibi
718 3565 948 3634 destinantibus,
971 3577 1023 3622 aut
1044 3561 1206 3640 parendum

102 3685 237 3746 semper,
252 3676 306 3725 aut
331 3675 446 3724 mature
473 3663 671 3724 resistendum
695 3683 773 3724 esse.
819 3657 1126 3722 16.Neeenimhoc
1148 3655 1207 3732 agi,

100 3761 274 3825 bellomon
296 3779 400 3840 pacem
413 3754 541 3820 habeant¹
556 3759 673 3826 Graecis
694 3757 749 3818 sed
763 3766 860 3816 utrum
879 3753 909 3814 in
929 3752 1053 3814 hostiles
1074 3767 1161 3828 egros
1176 3747 1207 3808 id

139 3953 155 3985 f
166 3953 237 4002 Diod.
251 3955 269 4003 l.
280 3955 298 4003 l.
311 3955 381 4004 Plnt.
391 3953 468 4003 Alex.
481 3967 507 4015 p.
518 3955 575 4000 11118.
680 3949 774 3998 AElisn.
789 3961 827 3998 vr.
838 3951 862 3995 1.
874 3951 898 3994 8.

140 4039 159 4074 8
175 4029 388 4080 lusciniam.
711 4025 835 4076 Ursatio.
857 4035 897 4073 rx.
919 4025 944 4068 6.
964 4023 989 4069 3.
1013 4016 1115 4068 Atrion.
1139 4029 1158 4070 1·
1183 4018 1208 4070 l-

140 4103 158 4137 ¹
177 4103 216 4153 ld.
228 4105 273 4155 1.1.
680 4101 755 4152 Diod.
769 4113 828 4156 xvi.
841 4099 935 4163 poll&

138 4180 148 4214 ¹
170 4179 209 4231 ld.
220 4181 238 4230 l.
248 4181 266 4229 l.
286 4181 395 4229 Pansam
406 4191 445 4230 u.
455 4177 536 4230 Diod.
548 4192 574 4244 p.
583 4183 640 4230 ⁵55.
