2925 4867
339 414 968 476 rrrourrrrorrcusrrurrrruruu.
1082 485 1085 491 ¹
1166 404 1211 473 88

102 566 215 623 cetera
236 555 416 641 descripte,
439 565 538 643 etque
559 579 604 625 ex
623 578 690 625 nno
711 558 898 645 eodemque
919 578 1042 627 menon
1062 569 1099 629 et
1119 584 1209 631 men·

102 660 189 725 doso
204 679 369 745 expresse
382 680 459 726 esse
475 662 586 728 omniu
599 668 785 729 sommam
831 663 971 731 Dudum
984 666 1071 734 euim
1084 666 1211 733 nmine

102 760 318 846 Reipublicae
333 763 489 828 libertate
503 765 608 829 omnis
623 762 792 829 literarum
804 764 914 830 honos
927 766 1080 831 imminui
1095 786 1209 853 ooepe-

101 872 173 944 rut3
196 864 300 947 pauci
313 864 557 947 Imperatorum
569 866 709 943 sumunt,
725 868 784 951 qui
798 866 870 950 ipsi
881 873 1050 933 emerem
1063 876 1121 935 eut
1135 890 1209 937 sus·
1283 940 1286 945 ,

102 967 266 1031 citassent
278 972 370 1032 ortes
380 968 550 1033 liberales.
594 968 687 1048 Quid
703 970 806 1053 igitur
818 970 949 1048 mirum,
965 970 997 1034 si
1012 969 1123 1036 Mese
1137 992 1208 1039 mu·

102 1066 342 1155 gismugisqne
354 1072 644 1138 obmutescerent!
690 1072 885 1150 Praeterea,
900 1076 937 1136 ut
953 1070 993 1136 fit
1013 1072 1050 1136 iu
1072 1080 1208 1139 entem·

100 1188 221 1251 porum
238 1170 427 1255 iniquitate,
449 1173 675 1257 antiquiorum
695 1192 800 1257 opere
818 1174 1081 1257 negirgebeutur,
1096 1176 1209 1261 abjec-

100 1276 206 1353 tuque
220 1271 255 1335 in
269 1271 479 1339 bonomia
494 1274 754 1358 sepeliebantur,
766 1275 992 1341 recentiorum
1006 1277 1209 1361 respueban-

100 1377 178 1454 tur3
197 1374 334 1441 codices
350 1377 458 1441 rarius
472 1378 507 1443 in
529 1375 604 1441 dier
625 1375 915 1456 describebantur,
927 1377 1076 1461 indeque
1091 1378 1207 1456 debet,

99 1476 288 1541 etsensim
311 1497 332 1542 e
358 1479 510 1543 menibus
538 1476 745 1562 privatorum
774 1479 943 1544 hominum
971 1480 1207 1559 dilaberentur,

100 1594 246 1660 quaeque
256 1576 423 1657 adessent,
438 1580 663 1663 antiquiorum
678 1581 787 1662 pluro,
804 1582 1207 1663 psuciomrecentiorum,

98 1678 195 1743 hund
224 1680 274 1745 its
297 1681 401 1747 unito
429 1690 510 1765 post
529 1682 752 1762 ingruentium
782 1682 984 1767 populorum
1012 1683 1207 1747 immuniuur

97 1780 274 1847 herberius
295 1801 361 1848 uon
383 1782 532 1867 diripuit,
555 1804 623 1850 nou
639 1802 719 1849 cum
740 1783 860 1848 ceteris
875 1784 1040 1851 thesauris
1054 1786 1207 1868 praedato

97 1888 162 1962 eet,
186 1882 247 1947 sed
269 1884 423 1949 incendio
441 1886 598 1951 vesunt.
641 1884 757 1969 Atque
776 1884 840 1950 boc
863 1886 1015 1969 proiecto
1038 1906 1208 1963 summunt

96 1984 299 2051 beneficium
312 1985 438 2051 numini
453 1987 568 2053 dirim
588 1986 768 2065 debemus,
792 1985 884 2070 quod
908 1996 1124 2051 ruommente
1137 1990 1207 2053 iste

94 2088 253 2153 cultioris
273 2088 567 2166 humanitatique
590 2086 702 2153 dicum
717 2089 847 2165 locere,
868 2088 932 2153 eod
952 2089 1044 2172 quod
1064 2084 1205 2153 omniuo

96 2188 347 2257 issuhsbemus.
752 2200 757 2205 '

138 2290 213 2357 His
232 2292 276 2357 de
297 2293 405 2361 Curtii
418 2300 521 2359 etate
536 2291 617 2359 VV.
635 2292 712 2357 DD.
727 2292 906 2357 sententiis
924 2291 1103 2374 spectetis,
1125 2312 1206 2376 ope·
1336 2344 1343 2351 .

94 2412 142 2460 rre
157 2396 304 2480 predum
319 2416 387 2462 non
402 2396 534 2462 ridetur
552 2413 640 2473 esee,
659 2395 801 2460 rdterius
822 2396 990 2478 inquirere
1010 2394 1047 2457 in
1070 2394 1205 2478 opinio·

93 2516 173 2562 nem
186 2498 305 2565 istum:
328 2498 518 2566 Historiam
534 2498 643 2564 Curtii
658 2496 1027 2581 scriptoris‘qunsdum
1042 2496 1205 2562 neoterici

94 2597 296 2683 dffienturn
309 2620 395 2666 esee.
441 2601 533 2668 Nam
548 2600 633 2665 eden
648 2600 808 2665 insulsum
826 2617 903 2663 eum
922 2603 1024 2680 etque
1044 2616 1090 2660 ex
1111 2617 1202 2661 mero

93 2702 241 2784 pruritu,
253 2701 402 2787 epau
417 2700 617 2787 proterendi,
630 2706 744 2766 namur
759 2698 934 2776 existimo,
948 2705 987 2763 ut
1001 2718 1076 2763 oum
1094 2705 1204 2764 tento·
1294 2686 1300 2699 ’

94 2820 171 2868 rum
194 2804 366 2871 hominum
386 2802 527 2889 judiciis
550 2802 651 2867 istoru
675 2818 873 2883 comparere
895 2799 986 2865 haud
1007 2800 1202 2865 sustineam.

94 2905 256 2971 Ceterum
271 2924 373 2991 quem
394 2922 494 2970 vnnse
518 2904 587 2969 sint
609 2906 684 2969 istae
699 2903 838 2986 ineptius
853 2902 978 2985 optime
1000 2902 1118 2967 docuit
1144 2902 1203 2967 io.

93 3008 178 3074 Chr.
192 3008 442 3091 Wegenseilius
463 3008 500 3072 in
521 3006 611 3073 Peru
625 3004 805 3069 Librorum
823 3002 1032 3068 iuvenilium
1046 3004 1087 3069 T.
1103 3020 1152 3070 rv.
1168 3024 1201 3089 p.

93 3112 175 3179 178.
198 3110 294 3177 ‘Etsi
307 3128 520 3197 quecumque
532 3108 577 3173 de
587 3106 717 3185 cause:
738 3105 932 3189 inquitffle,
955 3107 1042 3169 ‘non
1055 3108 1203 3172 occurrit

92 3214 191 3298 opud
207 3213 428 3299 antiquiores,
442 3212 500 3298 qui
515 3218 646 3289 eutem,
660 3210 769 3275 Curtii
781 3208 920 3284 mentio,
936 3214 1050 3272 tamen
1063 3209 1101 3287 ii,
1115 3226 1202 3291 qno·

92 3337 174 3383 rum
190 3324 278 3382 rems
291 3317 357 3381 tris
375 3317 501 3382 seniis
515 3314 617 3397 longe
636 3311 871 3396 exceditque
889 3309 1084 3388 meminere,
1098 3315 1137 3374 ut
1149 3312 1201 3377 sic

92 3422 222 3487 saitem
237 3420 335 3503 louge
360 3424 439 3484 ente
461 3418 520 3482 ille
541 3424 697 3500 tempore
710 3414 842 3480 risisse
863 3411 960 3476 ilium
978 3429 1119 3475 necesse
1142 3411 1200 3478 sit.

92 3524 253 3590 ioannes
279 3522 432 3586 nimirum
459 3518 726 3595 Serisberiensie,
750 3513 969 3584 Gsrnotensis
993 3511 1200 3597 Episcopus,

91 3644 202 3712 quem
216 3642 309 3690 enno
322 3622 418 3690 1182.
442 3622 514 3688 rite
534 3621 728 3687 excessisse
747 3621 890 3694 mutet,
905 3614 1060 3680 Curtium
1074 3612 1201 3697 alleget

91 3730 132 3794 in
159 3726 441 3793 Policreticnlib.
465 3740 548 3791 rur.
561 3723 620 3790 ld.
640 3720 837 3808 (vincentis
859 3718 1115 3784 Bellovueeneis
1137 3716 1198 3783 lib.

92 3849 147 3895 rv.
164 3830 302 3915 Speculi
319 3828 527 3897 Doctrinelis
548 3847 622 3912 cop.
637 3825 713 3890 125.
734 3824 793 3890 Jo.
815 3823 858 3887 de
879 3819 1035 3887 Vitrieco
1060 3818 1095 3882 in
1113 3817 1199 3885 Gee-

91 3936 141 4001 tis
167 3932 237 3999 Dei
256 3950 318 4017 per
332 3928 483 3996 ffiencos
498 3948 534 4014 p.
547 3925 664 4010 1132.)
707 3924 889 4009 Philippus
907 3938 987 3987 rere
1002 3918 1196 4001 Goulterus,

90 4036 294 4120 Episcopus
309 4028 504 4109 insulanus,
518 4050 619 4113 quem
641 4026 791 4091 nonnulli
810 4022 1067 4091 Surisberiensis
1085 4040 1199 4105 oeque·

90 4140 166 4204 lem
182 4142 369 4220 temporum
384 4139 567 4212 autument,
576 4131 648 4210 elii,
660 4136 697 4195 ut
704 4128 856 4194 Vossius
870 4126 912 4191 de
924 4123 1041 4189 Poetis
1055 4123 1198 4201 Ietinis,

90 4264 127 4306 a.
157 4237 258 4305 1250.
281 4237 445 4302 claruisse
466 4234 589 4312 ierunt,
609 4234 645 4298 in
660 4228 920 4307 Alexandreide,
942 4228 1016 4292 sive
1031 4225 1197 4304 Carmine,

164 4339 284 4404 nequer
297 4338 430 4389 imeras.
592 4336 704 4391 oenc
1111 4327 1133 4376 c
