2925 4867
216 399 280 462 llo
612 414 641 461 r.
665 411 916 462 raarusrtnstrr

216 555 353 616 exhausti
376 555 519 636 fractique
540 573 609 615 eum
630 555 697 634 ipsa
719 555 790 614 urbe
805 553 834 614 in
850 553 968 614 victoris
992 553 1142 616 arbitrium
1165 552 1311 614 concede·

216 663 302 722 rents
323 652 388 725 scd,
402 651 473 712 dum
498 649 610 730 aliquid
624 650 729 712 virium
744 661 923 728 superesset,
937 647 1004 709 cum
1015 650 1119 709 robore
1138 647 1312 708 conductitii

215 748 315 808 militie
329 746 553 827 erumpendum,
566 757 597 807 et
611 745 759 806 alacribus
777 745 882 805 animis
902 763 971 805 cum
985 743 1071 804 hoste
1091 742 1311 822 confligendum

215 862 294 906 esse.
322 847 353 905 7.
375 843 540 904 Consilium
555 861 652 914 snum,
663 859 724 920 quo
739 841 769 900 in
785 840 913 920 speciem
928 838 1071 901 audacius
1090 849 1181 911 esset,
1194 857 1231 900 eo
1245 839 1311 919 plus

214 939 246 1000 iu
259 939 434 1019 exequendo
447 939 599 1000 facilitatis
618 937 805 998 habitururn:
826 937 962 997 hostibus
983 936 1061 996 enirn
1076 935 1134 996 alie
1147 935 1247 996 omnia
1263 954 1313 994 ex·

150 1063 156 1075 ·
213 1037 413 1116 pectantibus,
432 1047 464 1096 et
477 1034 619 1096 adsersus
633 1052 736 1095 cssurn
750 1032 861 1112 dequo
875 1033 948 1094 nihil
962 1031 1131 1092 dubitarent
1150 1029 1312 1110 imparatis.

215 1132 403 1212 superfusum
416 1132 450 1191 iri
464 1131 555 1193 suos!
596 1133 625 1191 8.
648 1131 755 1210 Neque
776 1130 929 1200 Memnon,
950 1147 1120 1208 qumquem
1139 1137 1229 1188 cauta
1242 1145 1313 1187 con-

215 1228 282 1289 tilia
302 1227 443 1308 speciosis
463 1227 599 1308 prolerre
623 1225 742 1300 solitus,
756 1224 877 1294 rustitius
900 1243 968 1286 nam
989 1223 1103 1286 etiamsi
1126 1222 1199 1282 nihil
1221 1241 1312 1284 noua·

163 1349 168 1359 ·
214 1333 304 1396 retur,
317 1323 401 1384 nulla
424 1322 590 1402 propinque
608 1320 708 1382 ausilii
731 1339 796 1401 spe,
810 1321 923 1382 tristem
945 1318 1110 1382 obsidionis
1123 1319 1236 1380 exitum
1250 1319 1312 1378 iore

214 1418 430 1497 prospiciebatr
452 1428 492 1490 et,
503 1429 538 1478 ut
549 1417 580 1476 in
593 1427 679 1477 tauto
700 1414 879 1488 discrimine,
893 1435 953 1476 non
968 1414 1168 1478 inconsultum
1183 1415 1312 1486 rebatur,

213 1513 338 1593 experiri
351 1514 444 1574 sirum
469 1533 577 1586 acrem,
591 1523 623 1574 et
639 1511 690 1591 qui
703 1513 784 1572 relut
807 1511 949 1574 instinctu
967 1511 1097 1592 quodam
1120 1510 1159 1572 ad
1180 1521 1313 1570 extrem

215 1609 354 1671 audenda
367 1620 513 1691 ageretur.
554 1612 585 1672 9.
606 1609 701 1689 igitur
722 1609 886 1692 Ephialtes,
902 1609 1019 1670 duobus
1039 1607 1165 1668 millibus
1178 1626 1217 1666 es
1230 1609 1310 1666 ornni

213 1708 458 1767 mercenariorum
472 1725 595 1768 numero
615 1705 752 1779 delectis,
767 1708 869 1768 ‘laces
884 1706 963 1767 mille
982 1704 1106 1784 parare’
1121 1704 1217 1784 jubet,
1231 1708 1241 1738 ⁸
1256 1703 1314 1782 pri-

215 1820 321 1881 maque
333 1803 401 1864 luca
419 1801 538 1877 edesse,
551 1813 583 1864 et
600 1814 730 1867 armatos
753 1813 910 1884 expectare
931 1801 1103 1882 imperium.'
1142 1801 1250 1884 Copta
1262 1799 1312 1862 die

214 1917 281 1958 cum
295 1898 465 1962 Alexander
475 1900 581 1961 iterum
595 1919 679 1960 muro
692 1901 820 1962 lateritio
833 1898 986 1961 machinas
1000 1897 1205 1970 admovissent
1218 1899 1312 1958 iusta·

213 2004 336 2074 rentque
350 1993 533 2056 Macedones
554 1995 647 2076 operi,
669 1994 822 2075 Ephialtes
844 2005 931 2075 porta
944 1994 1042 2056 subito
1063 1995 1214 2075 patefacta
1227 1993 1314 2054 disni-

214 2089 296 2151 dium
310 2110 430 2152 suorum
443 2092 574 2154 immittit
583 2111 652 2152 eum
666 2093 790 2166 lacibus,
810 2092 874 2172 ipse
885 2111 951 2152 curu
966 2091 1071 2152 ceteris
1085 2089 1180 2151 denso
1194 2092 1311 2172 agmine

215 2186 415 2265 subsequitur,
427 2199 462 2247 ut
474 2187 577 2248 hostes
598 2187 768 2248 incendium
789 2187 985 2268 prohibituros
1010 2197 1217 2249 summoveret.
1261 2189 1310 2248 10.

214 2279 393 2354 Alexander,
404 2282 633 2362 intellectoquid
643 2289 790 2363 agereuir,
799 2283 892 2344 aciem
903 2281 1169 2356 celeriterinstruit,
1178 2282 1312 2344 subsidia

213 2375 332 2436 delecto
346 2376 437 2436 milite
451 2378 565 2438 firmata
588 2384 596 2412 ‘
611 2397 737 2457 cumque
752 2377 827 2438 alios
841 2377 881 2438 ad
895 2377 1127 2460 extinguendum
1142 2379 1239 2458 ignem
1253 2379 1314 2440 ire·

209 2471 360 2550 jussisset,
372 2472 403 2532 iu
416 2491 469 2533 eos
482 2474 533 2552 qui
545 2491 614 2532 cum
628 2473 769 2553 Ephialte
780 2471 962 2536 advenerant
980 2473 1121 2554 impetum
1136 2473 1216 2534 lacit.
1262 2477 1310 2536 ll.

213 2570 255 2627 llt
266 2567 317 2628 ille
329 2568 439 2649 insigni
452 2569 584 2648 corporis
598 2569 712 2642 robore,
720 2580 870 2648 quotquot
882 2568 1016 2630 conferre
1028 2567 1133 2649 pedem
1148 2568 1311 2642 audebant,

213 2667 404 2737 obtruncans,
419 2683 489 2725 suos
500 2682 584 2738 voce,
595 2675 680 2737 nutu,
694 2677 726 2724 et
739 2663 872 2744 inprimis
885 2664 1022 2746 exemplo
1042 2663 1081 2724 ad
1095 2664 1233 2726 virtutem
1246 2669 1313 2726 sni-

213 2762 331 2822 mabst:
351 2779 446 2840 neque
458 2779 561 2841 parum
575 2760 719 2819 molestius
732 2778 750 2819 e
765 2761 856 2820 suturis
874 2759 1067 2822 exhibebatur
1079 2758 1179 2820 hosti:
1200 2761 1313 2844 quippe

213 2868 322 2916 turrem
343 2867 463 2916 centum
483 2856 648 2916 cubitorum
671 2855 787 2916 obsessi
810 2865 975 2930 erexeram,
994 2856 1207 2938 tormentisque
1229 2877 1314 2919 com·

213 2950 301 3012 mode
324 2950 475 3030 dispositis
495 2949 598 3012 hastas
616 2960 649 3012 et
665 2969 740 3011 saxa
757 2951 978 3030 Jaculabsntur.
1022 2953 1071 3013 12.
1094 2952 1174 3014 luter
1193 2953 1259 3014 hec
1273 2974 1315 3015 ex

213 3047 330 3108 diversa
356 3059 440 3127 parte
460 3048 540 3108 urbis
563 3047 633 3129 (ipsi
658 3047 841 3128 ‘Tripylou'
865 3048 1025 3123 vocabant)
1045 3047 1122 3108 duce
1150 3050 1313 3112 Memnone

212 3144 288 3203 alius
301 3143 515 3224 oppidanorum
529 3141 660 3223 globus}
671 3162 731 3223 qua
744 3144 863 3204 minime
876 3145 1098 3224 expectabatur,
1112 3144 1225 3225 erupit:
1240 3156 1311 3206 tau-

212 3251 319 3320 tusque
332 3241 476 3301 tumulbus
490 3241 613 3301 incessit
625 3240 742 3313 castris,
756 3253 790 3302 ut
803 3242 867 3321 ipse
881 3241 968 3302 etiam
984 3259 1034 3300 res
1049 3241 1164 3300 consilii
1180 3241 1313 3304 incertus

211 3331 398 3397 efficeretur!
436 3335 497 3396 Sed
510 3336 600 3397 animi
612 3336 867 3415 magnitudinem
878 3335 1052 3417 opportunis
1067 3335 1195 3415 imperiis
1209 3338 1314 3398 omnia

211 3431 343 3510 pericula
351 3432 559 3512 propulsabats
580 3442 612 3492 et
625 3430 745 3491 lortuna
765 3431 794 3490 in
809 3441 941 3510 tempore
955 3431 1102 3492 subvenit.
1146 3435 1192 3494 13.
1215 3434 1314 3514 Igitur

210 3537 242 3587 et
265 3527 316 3604 qui
339 3527 493 3586 machinas
516 3525 719 3598 incenderant,
740 3545 759 3586 a
782 3526 998 3590 Macedonibus
1021 3529 1073 3607 qui
1094 3528 1134 3589 ibi
1155 3530 1313 3602 curabant,

211 3621 322 3700 quique
335 3639 354 3680 a
367 3639 437 3699 rege
461 3622 543 3681 missi
566 3622 700 3683 subsidio
714 3634 865 3697 venerant,
880 3643 946 3684 cnm
968 3644 1078 3706 magne
1097 3623 1183 3686 clade
1198 3625 1314 3705 repulsi

211 3726 301 3785 suntc
321 3726 353 3776 et
365 3715 555 3777 Memnonem
575 3716 756 3778 Ptolemaeus
772 3719 889 3798 esoepit
910 3720 1037 3802 Philippi
1050 3721 1138 3793 filius,
1152 3721 1224 3800 regii
1243 3741 1315 3784 cor-

210 3813 290 3890 poris
304 3822 417 3885 custos,
430 3821 537 3890 praeter
551 3814 698 3893 propriam
720 3833 839 3876 manum
854 3815 960 3877 Addoei
978 3816 1189 3896 Timandriqus
1203 3817 1316 3878 cobor-

209 3908 290 3968 tibus
318 3908 490 3987 stipatus:¹
514 3910 561 3968 lt.
582 3927 677 3988 eaque
703 3919 786 3989 parte
812 3912 933 3990 egregie
956 3912 1090 3972 vicerunt
1115 3909 1316 3986 Macedones,

209 4022 377 4084 quanquam
415 4003 610 4066 Ptolemaeum
636 4003 855 4086 Addoeumque,
883 4017 915 4068 et
952 4007 1167 4088 sagittariorum
1202 4008 1317 4074 ducem

240 4160 254 4195 ⁴
270 4158 374 4211 Arrian-
388 4175 408 4213 ι.
417 4166 459 4214 2⁸.
812 4163 823 4195 '
837 4163 916 4215 Diod.
929 4165 945 4216 l.
956 4165 974 4214 l.

241 4245 253 4274 ²
269 4235 309 4288 ld.
319 4237 339 4288 l.
353 4237 371 4286 l.
811 4248 824 4284 s
840 4239 944 4294 Arriae.
955 4242 973 4292 l.
986 4242 1003 4293 l.
