<?xml version="1.0" encoding="UTF-8"?>
<!DOCTYPE html PUBLIC "-//W3C//DTD XHTML 1.0 Transitional//EN"
    "http://www.w3.org/TR/xhtml1/DTD/xhtml1-transitional.dtd">
<html xmlns="http://www.w3.org/1999/xhtml" xml:lang="en" lang="en">
 <head>
  <title>
</title>
<meta http-equiv="Content-Type" content="text/html;charset=utf-8" />
  <meta name='ocr-system' content='tesseract 3.04.00' />
  <meta name='ocr-capabilities' content='ocr_page ocr_carea ocr_par ocr_line ocrx_word'/>
</head>
<body>
  <div class='ocr_page' id='page_1' title='image "./quinticurtiiruf00rufugoog_0035.png"; bbox 0 0 2925 4867; ppageno 0'>
   <div class='ocr_carea' id='block_1_1' title="bbox 363 350 1217 429">
    <p class='ocr_par' dir='ltr' id='par_1_1' title="bbox 363 350 1217 429">
     <span class='ocr_line' id='line_1_1' title="bbox 363 350 1217 429; baseline 0.001 -13"><span class='ocrx_word' id='word_1_1' title='bbox 363 367 403 417; x_wconf 78' lang='grc' dir='ltr'><strong>ιιι</strong></span> <span class='ocrx_word' id='word_1_2' title='bbox 428 364 606 429; x_wconf 73' lang='lat' dir='ltr'><strong>curarum</strong></span> <span class='ocrx_word' id='word_1_3' title='bbox 631 366 806 419; x_wconf 79' lang='lat' dir='ltr'><strong>cunrrurr</strong></span> <span class='ocrx_word' id='word_1_4' title='bbox 831 366 975 416; x_wconf 83' lang='grc' dir='ltr'>ιιιιιιιιι.</span> <span class='ocrx_word' id='word_1_5' title='bbox 1170 350 1217 417; x_wconf 74' lang='lat'><strong>2³</strong></span> 
     </span>
    </p>
   </div>
   <div class='ocr_carea' id='block_1_2' title="bbox 113 506 1222 1001">
    <p class='ocr_par' dir='ltr' id='par_1_2' title="bbox 113 506 1222 1001">
     <span class='ocr_line' id='line_1_2' title="bbox 115 506 1218 593; baseline -0.005 -16"><span class='ocrx_word' id='word_1_6' title='bbox 115 508 232 577; x_wconf 86' lang='lat' dir='ltr'><strong>Druso</strong></span> <span class='ocrx_word' id='word_1_7' title='bbox 244 506 386 593; x_wconf 79' lang='lat' dir='ltr'><strong>perinde</strong></span> <span class='ocrx_word' id='word_1_8' title='bbox 397 508 540 575; x_wconf 75' lang='lat' dir='ltr'><strong>effectus</strong></span> <span class='ocrx_word' id='word_1_9' title='bbox 554 516 619 573; x_wconf 86' lang='lat' dir='ltr'><strong>est.</strong></span> <span class='ocrx_word' id='word_1_10' title='bbox 663 507 778 575; x_wconf 88' lang='lat' dir='ltr'><strong>Etiam</strong></span> <span class='ocrx_word' id='word_1_11' title='bbox 790 507 994 575; x_wconf 85' lang='lat' dir='ltr'><strong>Germanico</strong></span> <span class='ocrx_word' id='word_1_12' title='bbox 1008 526 1114 573; x_wconf 87' lang='lat' dir='ltr'><strong>causa</strong></span> <span class='ocrx_word' id='word_1_13' title='bbox 1126 527 1218 575; x_wconf 88' lang='lat' dir='ltr'><strong>mor·</strong></span> 
     </span>
     <span class='ocr_line' id='line_1_3' title="bbox 113 609 1215 695; baseline 0.001 -19"><span class='ocrx_word' id='word_1_14' title='bbox 113 612 160 676; x_wconf 83' lang='lat' dir='ltr'><strong>tis</strong></span> <span class='ocrx_word' id='word_1_15' title='bbox 175 612 282 677; x_wconf 84' lang='lat' dir='ltr'><strong>tuisse</strong></span> <span class='ocrx_word' id='word_1_16' title='bbox 296 612 561 693; x_wconf 85' lang='lat' dir='ltr'><strong>credebaturper</strong></span> <span class='ocrx_word' id='word_1_17' title='bbox 575 609 638 676; x_wconf 85' lang='lat' dir='ltr'><strong>Cu.</strong></span> <span class='ocrx_word' id='word_1_18' title='bbox 654 611 823 689; x_wconf 78' lang='lat' dir='ltr'>Pisonem,</span> <span class='ocrx_word' id='word_1_19' title='bbox 835 610 982 695; x_wconf 73' lang='lat' dir='ltr'><strong>legatum</strong></span> <span class='ocrx_word' id='word_1_20' title='bbox 996 610 1117 695; x_wconf 81' lang='lat' dir='ltr'><strong>Syriae,</strong></span> <span class='ocrx_word' id='word_1_21' title='bbox 1124 631 1215 677; x_wconf 88' lang='lat' dir='ltr'><strong>eam·</strong></span> 
     </span>
     <span class='ocr_line' id='line_1_4' title="bbox 114 711 1215 798; baseline 0.002 -21"><span class='ocrx_word' id='word_1_22' title='bbox 114 732 183 797; x_wconf 90' lang='lat' dir='ltr'><strong>que</strong></span> <span class='ocrx_word' id='word_1_23' title='bbox 197 714 426 797; x_wconf 75' lang='lat' dir='ltr'><strong>suspicionem</strong></span> <span class='ocrx_word' id='word_1_24' title='bbox 441 712 650 779; x_wconf 82' lang='lat' dir='ltr'><strong>confirmavit</strong></span> <span class='ocrx_word' id='word_1_25' title='bbox 663 713 739 797; x_wconf 88' lang='lat' dir='ltr'><strong>ipse</strong></span> <span class='ocrx_word' id='word_1_26' title='bbox 753 720 887 798; x_wconf 83' lang='lat' dir='ltr'><strong>postea,</strong></span> <span class='ocrx_word' id='word_1_27' title='bbox 902 711 1042 797; x_wconf 79' lang='lat' dir='ltr'><strong>conjuge</strong></span> <span class='ocrx_word' id='word_1_28' title='bbox 1055 713 1157 777; x_wconf 88' lang='lat' dir='ltr'><strong>etiam</strong></span> <span class='ocrx_word' id='word_1_29' title='bbox 1172 731 1215 779; x_wconf 87' lang='lat' dir='ltr'><strong>ac</strong></span> 
     </span>
     <span class='ocr_line' id='line_1_5' title="bbox 114 812 1222 885; baseline 0.002 -7"><span class='ocrx_word' id='word_1_30' title='bbox 114 813 230 879; x_wconf 87' lang='lat' dir='ltr'><strong>liberis</strong></span> <span class='ocrx_word' id='word_1_31' title='bbox 245 812 436 880; x_wconf 86' lang='lat' dir='ltr'><strong>Germanici</strong></span> <span class='ocrx_word' id='word_1_32' title='bbox 451 814 617 885; x_wconf 85' lang='lat' dir='ltr'><strong>crudelem</strong></span> <span class='ocrx_word' id='word_1_33' title='bbox 633 816 668 879; x_wconf 93' lang='lat' dir='ltr'><strong>in</strong></span> <span class='ocrx_word' id='word_1_34' title='bbox 683 814 816 881; x_wconf 87' lang='lat' dir='ltr'><strong>modum</strong></span> <span class='ocrx_word' id='word_1_35' title='bbox 830 812 976 879; x_wconf 85' lang='lat' dir='ltr'><strong>afflictis.</strong></span> <span class='ocrx_word' id='word_1_36' title='bbox 1021 812 1131 879; x_wconf 85' lang='lat' dir='ltr'><strong>Morte</strong></span> <span class='ocrx_word' id='word_1_37' title='bbox 1152 813 1222 880; x_wconf 51' lang='lat' dir='ltr'><strong>be*</strong></span> 
     </span>
     <span class='ocr_line' id='line_1_6' title="bbox 115 912 1217 1001; baseline 0 -20"><span class='ocrx_word' id='word_1_38' title='bbox 115 934 192 991; x_wconf 73' lang='lat' dir='ltr'><strong>rum</strong></span> <span class='ocrx_word' id='word_1_39' title='bbox 219 916 397 981; x_wconf 87' lang='lat' dir='ltr'><strong>liberorum</strong></span> <span class='ocrx_word' id='word_1_40' title='bbox 417 912 618 983; x_wconf 86' lang='lat' dir='ltr'><strong>destitutus¹</strong></span> <span class='ocrx_word' id='word_1_41' title='bbox 640 934 684 981; x_wconf 81' lang='lat' dir='ltr'><strong>ex</strong></span> <span class='ocrx_word' id='word_1_42' title='bbox 703 915 894 1001; x_wconf 87' lang='lat' dir='ltr'><strong>nepotibus,</strong></span> <span class='ocrx_word' id='word_1_43' title='bbox 914 933 1058 999; x_wconf 87' lang='lat' dir='ltr'><strong>quorum</strong></span> <span class='ocrx_word' id='word_1_44' title='bbox 1072 933 1118 979; x_wconf 84' lang='lat' dir='ltr'><strong>ex</strong></span> <span class='ocrx_word' id='word_1_45' title='bbox 1132 914 1217 981; x_wconf 89' lang='lat' dir='ltr'><strong>Ger·</strong></span> 
     </span>
    </p>
   </div>
   <div class='ocr_carea' id='block_1_3' title="bbox 114 1007 1268 3837">
    <p class='ocr_par' dir='ltr' id='par_1_3' title="bbox 114 1007 1268 2619">
     <span class='ocr_line' id='line_1_7' title="bbox 114 1007 1218 1095; baseline 0 -14"><span class='ocrx_word' id='word_1_46' title='bbox 114 1016 251 1081; x_wconf 85' lang='lat' dir='ltr'><strong>manico</strong></span> <span class='ocrx_word' id='word_1_47' title='bbox 267 1024 347 1093; x_wconf 90' lang='lat' dir='ltr'><strong>tres,</strong></span> <span class='ocrx_word' id='word_1_48' title='bbox 363 1014 543 1095; x_wconf 80' lang='lat' dir='ltr'><strong>Neronem,</strong></span> <span class='ocrx_word' id='word_1_49' title='bbox 560 1016 709 1083; x_wconf 85' lang='lat' dir='ltr'><strong>Drusum</strong></span> <span class='ocrx_word' id='word_1_50' title='bbox 723 1025 758 1083; x_wconf 91' lang='lat' dir='ltr'><strong>et</strong></span> <span class='ocrx_word' id='word_1_51' title='bbox 772 1007 909 1094; x_wconf 66' lang='lat' dir='ltr'><strong>caium,</strong></span> <span class='ocrx_word' id='word_1_52' title='bbox 919 1035 963 1080; x_wconf 87' lang='lat' dir='ltr'><strong>ex</strong></span> <span class='ocrx_word' id='word_1_53' title='bbox 979 1016 1092 1082; x_wconf 83' lang='lat' dir='ltr'>Druso</span> <span class='ocrx_word' id='word_1_54' title='bbox 1115 1036 1218 1083; x_wconf 81' lang='lat' dir='ltr'><strong>uuum</strong></span> 
     </span>
     <span class='ocr_line' id='line_1_8' title="bbox 114 1116 1217 1197; baseline 0.002 -14"><span class='ocrx_word' id='word_1_55' title='bbox 114 1116 292 1183; x_wconf 76' lang='lat' dir='ltr'>Tiberium</span> <span class='ocrx_word' id='word_1_56' title='bbox 306 1118 462 1195; x_wconf 81' lang='lat' dir='ltr'><strong>habebut,</strong></span> <span class='ocrx_word' id='word_1_57' title='bbox 476 1118 747 1197; x_wconf 84' lang='lat' dir='ltr'><strong>maximosnatu,</strong></span> <span class='ocrx_word' id='word_1_58' title='bbox 757 1118 924 1184; x_wconf 91' lang='lat' dir='ltr'><strong>Neronem</strong></span> <span class='ocrx_word' id='word_1_59' title='bbox 938 1123 974 1182; x_wconf 89' lang='lat' dir='ltr'><strong>et</strong></span> <span class='ocrx_word' id='word_1_60' title='bbox 988 1118 1148 1195; x_wconf 83' lang='lat' dir='ltr'><strong>Drusum,</strong></span> <span class='ocrx_word' id='word_1_61' title='bbox 1162 1139 1217 1185; x_wconf 88' lang='lat' dir='ltr'><strong>se-</strong></span> 
     </span>
     <span class='ocr_line' id='line_1_9' title="bbox 115 1217 1217 1305; baseline 0.005 -24"><span class='ocrx_word' id='word_1_62' title='bbox 115 1221 213 1283; x_wconf 88' lang='lat' dir='ltr'><strong>natui</strong></span> <span class='ocrx_word' id='word_1_63' title='bbox 242 1220 489 1288; x_wconf 86' lang='lat' dir='ltr'><strong>commendavit</strong></span> <span class='ocrx_word' id='word_1_64' title='bbox 514 1217 674 1305; x_wconf 74' lang='lat' dir='ltr'><strong>quidem,k</strong></span> <span class='ocrx_word' id='word_1_65' title='bbox 704 1220 765 1286; x_wconf 89' lang='lat' dir='ltr'><strong>sed</strong></span> <span class='ocrx_word' id='word_1_66' title='bbox 788 1238 869 1285; x_wconf 87' lang='lat' dir='ltr'><strong>mox</strong></span> <span class='ocrx_word' id='word_1_67' title='bbox 891 1220 982 1286; x_wconf 88' lang='lat' dir='ltr'><strong>omni</strong></span> <span class='ocrx_word' id='word_1_68' title='bbox 1011 1220 1217 1286; x_wconf 69' lang='lat' dir='ltr'><strong>humanitate</strong></span> 
     </span>
     <span class='ocr_line' id='line_1_10' title="bbox 116 1321 1217 1409; baseline 0.003 -27"><span class='ocrx_word' id='word_1_69' title='bbox 116 1329 256 1399; x_wconf 81' lang='lat' dir='ltr'><strong>exutus,</strong></span> <span class='ocrx_word' id='word_1_70' title='bbox 270 1321 419 1405; x_wconf 82' lang='lat' dir='ltr'><strong>quotidie</strong></span> <span class='ocrx_word' id='word_1_71' title='bbox 432 1323 539 1407; x_wconf 60' lang='lat' dir='ltr'><strong>mame</strong></span> <span class='ocrx_word' id='word_1_72' title='bbox 553 1324 728 1409; x_wconf 86' lang='lat' dir='ltr'><strong>magisque</strong></span> <span class='ocrx_word' id='word_1_73' title='bbox 739 1321 924 1399; x_wconf 90' lang='lat' dir='ltr'><strong>obbrutuit,</strong></span> <span class='ocrx_word' id='word_1_74' title='bbox 939 1328 1042 1403; x_wconf 89' lang='lat' dir='ltr'><strong>atque</strong></span> <span class='ocrx_word' id='word_1_75' title='bbox 1066 1341 1126 1386; x_wconf 85' lang='lat' dir='ltr'><strong>eos</strong></span> <span class='ocrx_word' id='word_1_76' title='bbox 1150 1341 1217 1385; x_wconf 91' lang='lat' dir='ltr'><strong>nou</strong></span> 
     </span>
     <span class='ocr_line' id='line_1_11' title="bbox 116 1422 1216 1505; baseline 0.001 -18"><span class='ocrx_word' id='word_1_77' title='bbox 116 1423 228 1487; x_wconf 84' lang='lat' dir='ltr'><strong>sotum</strong></span> <span class='ocrx_word' id='word_1_78' title='bbox 239 1423 386 1487; x_wconf 86' lang='lat' dir='ltr'><strong>omnium</strong></span> <span class='ocrx_word' id='word_1_79' title='bbox 401 1423 689 1491; x_wconf 79' lang='lat' dir='ltr'><strong>criminationibus</strong></span> <span class='ocrx_word' id='word_1_80' title='bbox 703 1425 871 1489; x_wconf 82' lang='lat' dir='ltr'><strong>obnoxios</strong></span> <span class='ocrx_word' id='word_1_81' title='bbox 887 1422 1039 1499; x_wconf 85' lang='lat' dir='ltr'><strong>reddidit,</strong></span> <span class='ocrx_word' id='word_1_82' title='bbox 1057 1422 1216 1505; x_wconf 83' lang='lat' dir='ltr'><strong>rarisque</strong></span> 
     </span>
     <span class='ocr_line' id='line_1_12' title="bbox 114 1522 1218 1603; baseline 0.001 -17"><span class='ocrx_word' id='word_1_83' title='bbox 114 1522 235 1587; x_wconf 78' lang='lat' dir='ltr'><strong>frande</strong></span> <span class='ocrx_word' id='word_1_84' title='bbox 257 1523 424 1603; x_wconf 84' lang='lat' dir='ltr'><strong>inductos,</strong></span> <span class='ocrx_word' id='word_1_85' title='bbox 448 1531 487 1589; x_wconf 91' lang='lat' dir='ltr'><strong>ut</strong></span> <span class='ocrx_word' id='word_1_86' title='bbox 511 1532 545 1589; x_wconf 91' lang='lat' dir='ltr'><strong>et</strong></span> <span class='ocrx_word' id='word_1_87' title='bbox 570 1527 814 1590; x_wconf 74' lang='lat' dir='ltr'><strong>concitarentur</strong></span> <span class='ocrx_word' id='word_1_88' title='bbox 828 1524 871 1590; x_wconf 88' lang='lat' dir='ltr'><strong>ad</strong></span> <span class='ocrx_word' id='word_1_89' title='bbox 886 1523 1039 1589; x_wconf 87' lang='lat' dir='ltr'><strong>convicia</strong></span> <span class='ocrx_word' id='word_1_90' title='bbox 1052 1530 1090 1587; x_wconf 92' lang='lat' dir='ltr'><strong>et</strong></span> <span class='ocrx_word' id='word_1_91' title='bbox 1104 1523 1218 1587; x_wconf 88' lang='lat' dir='ltr'><strong>conci·</strong></span> 
     </span>
     <span class='ocr_line' id='line_1_13' title="bbox 116 1616 1216 1710; baseline -0.002 -21"><span class='ocrx_word' id='word_1_92' title='bbox 116 1624 179 1689; x_wconf 81' lang='lat' dir='ltr'><strong>tati</strong></span> <span class='ocrx_word' id='word_1_93' title='bbox 202 1626 428 1708; x_wconf 85' lang='lat' dir='ltr'><strong>proderentur,</strong></span> <span class='ocrx_word' id='word_1_94' title='bbox 449 1626 510 1691; x_wconf 86' lang='lat' dir='ltr'><strong>sed</strong></span> <span class='ocrx_word' id='word_1_95' title='bbox 526 1626 599 1710; x_wconf 88' lang='lat' dir='ltr'><strong>ipse</strong></span> <span class='ocrx_word' id='word_1_96' title='bbox 614 1627 715 1692; x_wconf 80' lang='lat' dir='ltr'><strong>etiem</strong></span> <span class='ocrx_word' id='word_1_97' title='bbox 731 1646 791 1710; x_wconf 91' lang='lat' dir='ltr'><strong>per</strong></span> <span class='ocrx_word' id='word_1_98' title='bbox 805 1623 921 1691; x_wconf 86' lang='lat' dir='ltr'><strong>literas</strong></span> <span class='ocrx_word' id='word_1_99' title='bbox 935 1643 997 1688; x_wconf 82' lang='lat' dir='ltr'><strong>eos</strong></span> <span class='ocrx_word' id='word_1_100' title='bbox 1019 1616 1216 1699; x_wconf 79' lang='lat' dir='ltr'><strong>accusavit,¹</strong></span> 
     </span>
     <span class='ocr_line' id='line_1_14' title="bbox 115 1723 1220 1812; baseline -0.003 -22"><span class='ocrx_word' id='word_1_101' title='bbox 115 1728 326 1793; x_wconf 81' lang='lat' dir='ltr'><strong>amarissime</strong></span> <span class='ocrx_word' id='word_1_102' title='bbox 342 1730 510 1811; x_wconf 80' lang='lat' dir='ltr'><strong>congestis</strong></span> <span class='ocrx_word' id='word_1_103' title='bbox 521 1729 625 1793; x_wconf 87' lang='lat' dir='ltr'><strong>etiem</strong></span> <span class='ocrx_word' id='word_1_104' title='bbox 633 1728 765 1812; x_wconf 89' lang='lat' dir='ltr'><strong>probris</strong></span> <span class='ocrx_word' id='word_1_105' title='bbox 776 1736 813 1793; x_wconf 90' lang='lat' dir='ltr'><strong>et</strong></span> <span class='ocrx_word' id='word_1_106' title='bbox 821 1726 992 1810; x_wconf 85' lang='lat' dir='ltr'><strong>judicatos</strong></span> <span class='ocrx_word' id='word_1_107' title='bbox 1002 1724 1114 1789; x_wconf 82' lang='lat' dir='ltr'><strong>hostes</strong></span> <span class='ocrx_word' id='word_1_108' title='bbox 1129 1723 1220 1788; x_wconf 82' lang='lat' dir='ltr'><strong>fama</strong></span> 
     </span>
     <span class='ocr_line' id='line_1_15' title="bbox 115 1825 1218 1907; baseline -0.004 -14"><span class='ocrx_word' id='word_1_109' title='bbox 115 1831 265 1905; x_wconf 80' lang='lat' dir='ltr'><strong>necarit,</strong></span> <span class='ocrx_word' id='word_1_110' title='bbox 282 1829 450 1895; x_wconf 84' lang='lat' dir='ltr'><strong>Neronem</strong></span> <span class='ocrx_word' id='word_1_111' title='bbox 461 1831 496 1895; x_wconf 95' lang='lat' dir='ltr'><strong>in</strong></span> <span class='ocrx_word' id='word_1_112' title='bbox 510 1830 621 1897; x_wconf 83' lang='lat' dir='ltr'><strong>insuia</strong></span> <span class='ocrx_word' id='word_1_113' title='bbox 638 1828 773 1905; x_wconf 89' lang='lat' dir='ltr'><strong>Pontia,</strong></span> <span class='ocrx_word' id='word_1_114' title='bbox 785 1829 934 1893; x_wconf 89' lang='lat' dir='ltr'><strong>Drusum</strong></span> <span class='ocrx_word' id='word_1_115' title='bbox 944 1833 965 1861; x_wconf 73' lang='lat'><strong>¹³</strong></span> <span class='ocrx_word' id='word_1_116' title='bbox 986 1827 1021 1889; x_wconf 92' lang='lat' dir='ltr'><strong>in</strong></span> <span class='ocrx_word' id='word_1_117' title='bbox 1035 1825 1105 1891; x_wconf 86' lang='lat' dir='ltr'><strong>ima</strong></span> <span class='ocrx_word' id='word_1_118' title='bbox 1118 1830 1218 1907; x_wconf 88' lang='lat' dir='ltr'><strong>parte</strong></span> 
     </span>
     <span class='ocr_line' id='line_1_16' title="bbox 116 1924 1218 2019; baseline -0.002 -28"><span class='ocrx_word' id='word_1_119' title='bbox 116 1926 256 1994; x_wconf 79' lang='lat' dir='ltr'><strong>Palatii.</strong></span> <span class='ocrx_word' id='word_1_120' title='bbox 299 1929 419 1995; x_wconf 86' lang='lat' dir='ltr'><strong>Plures</strong></span> <span class='ocrx_word' id='word_1_121' title='bbox 434 1930 829 2019; x_wconf 67' lang='lat' dir='ltr'><strong>eliquantonecaturus,¹⁸</strong></span> <span class='ocrx_word' id='word_1_122' title='bbox 850 1948 893 1993; x_wconf 89' lang='lat' dir='ltr'><strong>ac</strong></span> <span class='ocrx_word' id='word_1_123' title='bbox 917 1946 960 1991; x_wconf 90' lang='lat' dir='ltr'><strong>ne</strong></span> <span class='ocrx_word' id='word_1_124' title='bbox 980 1924 1118 2011; x_wconf 84' lang='lat' dir='ltr'><strong>reliquis</strong></span> <span class='ocrx_word' id='word_1_125' title='bbox 1142 1925 1218 2010; x_wconf 90' lang='lat' dir='ltr'><strong>qui·</strong></span> 
     </span>
     <span class='ocr_line' id='line_1_17' title="bbox 116 2027 1217 2115; baseline -0.004 -21"><span class='ocrx_word' id='word_1_126' title='bbox 116 2027 193 2095; x_wconf 87' lang='lat' dir='ltr'><strong>dem</strong></span> <span class='ocrx_word' id='word_1_127' title='bbox 209 2032 390 2114; x_wconf 82' lang='lat' dir='ltr'><strong>nepotibus</strong></span> <span class='ocrx_word' id='word_1_128' title='bbox 402 2051 562 2115; x_wconf 83' lang='lat' dir='ltr'><strong>parsurus</strong></span> <span class='ocrx_word' id='word_1_129' title='bbox 577 2032 790 2103; x_wconf 73' lang='lat' dir='ltr'><strong>credebatur.</strong></span> <span class='ocrx_word' id='word_1_130' title='bbox 803 2050 881 2097; x_wconf 92' lang='lat' dir='ltr'><strong>cum</strong></span> <span class='ocrx_word' id='word_1_131' title='bbox 895 2038 931 2094; x_wconf 91' lang='lat' dir='ltr'><strong>et</strong></span> <span class='ocrx_word' id='word_1_132' title='bbox 946 2028 1065 2095; x_wconf 81' lang='lat' dir='ltr'><strong>Gaium</strong></span> <span class='ocrx_word' id='word_1_133' title='bbox 1080 2045 1217 2111; x_wconf 87' lang='lat' dir='ltr'><strong>suspec-</strong></span> 
     </span>
     <span class='ocr_line' id='line_1_18' title="bbox 115 2131 1218 2212; baseline -0.004 -15"><span class='ocrx_word' id='word_1_134' title='bbox 115 2138 185 2197; x_wconf 90' lang='lat' dir='ltr'><strong>tum</strong></span> <span class='ocrx_word' id='word_1_135' title='bbox 199 2131 340 2197; x_wconf 85' lang='lat' dir='ltr'><strong>haberet</strong></span> <span class='ocrx_word' id='word_1_136' title='bbox 354 2136 389 2197; x_wconf 91' lang='lat' dir='ltr'><strong>et</strong></span> <span class='ocrx_word' id='word_1_137' title='bbox 401 2132 585 2209; x_wconf 83' lang='lat' dir='ltr'><strong>Tiberium,</strong></span> <span class='ocrx_word' id='word_1_138' title='bbox 599 2139 636 2199; x_wconf 90' lang='lat' dir='ltr'><strong>at</strong></span> <span class='ocrx_word' id='word_1_139' title='bbox 651 2151 697 2197; x_wconf 84' lang='lat' dir='ltr'><strong>ex</strong></span> <span class='ocrx_word' id='word_1_140' title='bbox 711 2131 878 2197; x_wconf 78' lang='lat' dir='ltr'><strong>adulterio</strong></span> <span class='ocrx_word' id='word_1_141' title='bbox 891 2134 1091 2212; x_wconf 86' lang='lat' dir='ltr'><strong>conceptum</strong></span> <span class='ocrx_word' id='word_1_142' title='bbox 1103 2146 1218 2211; x_wconf 84' lang='lat' dir='ltr'><strong>asper·</strong></span> 
     </span>
     <span class='ocr_line' id='line_1_19' title="bbox 115 2228 1218 2317; baseline -0.005 -18"><span class='ocrx_word' id='word_1_143' title='bbox 115 2242 264 2299; x_wconf 87' lang='lat' dir='ltr'><strong>nuretnr.</strong></span> <span class='ocrx_word' id='word_1_144' title='bbox 310 2232 429 2317; x_wconf 87' lang='lat' dir='ltr'><strong>Neque</strong></span> <span class='ocrx_word' id='word_1_145' title='bbox 451 2233 486 2297; x_wconf 94' lang='lat' dir='ltr'><strong>id</strong></span> <span class='ocrx_word' id='word_1_146' title='bbox 511 2234 701 2301; x_wconf 84' lang='lat' dir='ltr'><strong>abhorrete</strong></span> <span class='ocrx_word' id='word_1_147' title='bbox 718 2252 809 2299; x_wconf 81' lang='lat' dir='ltr'><strong>vero.</strong></span> <span class='ocrx_word' id='word_1_148' title='bbox 853 2228 1037 2297; x_wconf 88' lang='lat' dir='ltr'><strong>Identidem</strong></span> <span class='ocrx_word' id='word_1_149' title='bbox 1052 2229 1142 2295; x_wconf 90' lang='lat' dir='ltr'><strong>enim</strong></span> <span class='ocrx_word' id='word_1_150' title='bbox 1156 2228 1218 2293; x_wconf 87' lang='lat' dir='ltr'><strong>Ti·</strong></span> 
     </span>
     <span class='ocr_line' id='line_1_20' title="bbox 116 2333 1268 2417; baseline -0.004 -17"><span class='ocrx_word' id='word_1_151' title='bbox 116 2334 235 2400; x_wconf 90' lang='lat' dir='ltr'><strong>berius</strong></span> <span class='ocrx_word' id='word_1_152' title='bbox 256 2334 409 2401; x_wconf 79' lang='lat' dir='ltr'><strong>‘felicem</strong></span> <span class='ocrx_word' id='word_1_153' title='bbox 435 2334 627 2401; x_wconf 89' lang='lat' dir='ltr'><strong>Priamum&#39;</strong></span> <span class='ocrx_word' id='word_1_154' title='bbox 648 2336 805 2411; x_wconf 75' lang='lat' dir='ltr'><strong>vocabat,</strong></span> <span class='ocrx_word' id='word_1_155' title='bbox 825 2333 936 2417; x_wconf 88' lang='lat' dir='ltr'><strong>‘quod</strong></span> <span class='ocrx_word' id='word_1_156' title='bbox 956 2336 1126 2416; x_wconf 83' lang='lat' dir='ltr'><strong>superstes</strong></span> <span class='ocrx_word' id='word_1_157' title='bbox 1145 2333 1218 2395; x_wconf 90' lang='lat' dir='ltr'><strong>om&#39;-</strong></span> <span class='ocrx_word' id='word_1_158' title='bbox 1264 2399 1268 2405; x_wconf 74' lang='grc'><em>,</em></span> 
     </span>
     <span class='ocr_line' id='line_1_21' title="bbox 116 2431 1217 2503; baseline -0.003 -3"><span class='ocrx_word' id='word_1_159' title='bbox 116 2436 210 2503; x_wconf 87' lang='lat' dir='ltr'><strong>nium</strong></span> <span class='ocrx_word' id='word_1_160' title='bbox 225 2455 361 2501; x_wconf 88' lang='lat' dir='ltr'><strong>snorum</strong></span> <span class='ocrx_word' id='word_1_161' title='bbox 383 2436 582 2503; x_wconf 68' lang='lat' dir='ltr'><strong>extitisset?</strong></span> <span class='ocrx_word' id='word_1_162' title='bbox 623 2436 688 2503; x_wconf 80' lang='lat' dir='ltr'><strong>Vre</strong></span> <span class='ocrx_word' id='word_1_163' title='bbox 712 2434 897 2501; x_wconf 83' lang='lat' dir='ltr'><strong>adulatorii</strong></span> <span class='ocrx_word' id='word_1_164' title='bbox 922 2434 977 2498; x_wconf 92' lang='lat' dir='ltr'><strong>cui</strong></span> <span class='ocrx_word' id='word_1_165' title='bbox 999 2433 1041 2498; x_wconf 91' lang='lat' dir='ltr'><strong>de</strong></span> <span class='ocrx_word' id='word_1_166' title='bbox 1068 2434 1135 2497; x_wconf 87' lang='lat' dir='ltr'><strong>isto</strong></span> <span class='ocrx_word' id='word_1_167' title='bbox 1157 2431 1217 2497; x_wconf 90' lang='lat' dir='ltr'><strong>bo·</strong></span> 
     </span>
     <span class='ocr_line' id='line_1_22' title="bbox 117 2532 1064 2619; baseline -0.002 -18"><span class='ocrx_word' id='word_1_168' title='bbox 117 2539 206 2603; x_wconf 88' lang='lat' dir='ltr'><strong>mine</strong></span> <span class='ocrx_word' id='word_1_169' title='bbox 221 2538 376 2619; x_wconf 78' lang='lat' dir='ltr'><strong>augurari</strong></span> <span class='ocrx_word' id='word_1_170' title='bbox 388 2537 560 2604; x_wconf 83' lang='lat' dir='ltr'><strong>libuisset:</strong></span> <span class='ocrx_word' id='word_1_171' title='bbox 582 2543 594 2572; x_wconf 88' lang='lat'><em>‘</em></span> <span class='ocrx_word' id='word_1_172' title='bbox 607 2536 709 2604; x_wconf 81' lang='lat' dir='ltr'><strong>Absit</strong></span> <span class='ocrx_word' id='word_1_173' title='bbox 722 2536 824 2603; x_wconf 88' lang='lat' dir='ltr'><strong>modo</strong></span> <span class='ocrx_word' id='word_1_174' title='bbox 838 2532 990 2614; x_wconf 86' lang='lat' dir='ltr'><strong>iuvidia,&#39;</strong></span> <span class='ocrx_word' id='word_1_175' title='bbox 1002 2537 1064 2601; x_wconf 76' lang='lat' dir='ltr'><strong>dec.</strong></span> 
     </span>
    </p>

    <p class='ocr_par' dir='ltr' id='par_1_4' title="bbox 118 2634 1221 3837">
     <span class='ocr_line' id='line_1_23' title="bbox 142 2634 1219 2725; baseline 0 -24"><span class='ocrx_word' id='word_1_176' title='bbox 142 2692 147 2701; x_wconf 86' lang='grc'>,</span> <span class='ocrx_word' id='word_1_177' title='bbox 160 2637 232 2716; x_wconf 85' lang='lat' dir='ltr'><strong>Qui</strong></span> <span class='ocrx_word' id='word_1_178' title='bbox 248 2638 466 2722; x_wconf 70' lang='lat' dir='ltr'><strong>preconium,</strong></span> <span class='ocrx_word' id='word_1_179' title='bbox 480 2658 551 2722; x_wconf 91' lang='lat' dir='ltr'><strong>quo</strong></span> <span class='ocrx_word' id='word_1_180' title='bbox 567 2636 703 2704; x_wconf 86' lang='lat' dir='ltr'><strong>Curtius</strong></span> <span class='ocrx_word' id='word_1_181' title='bbox 715 2638 901 2725; x_wconf 87' lang='lat' dir='ltr'><strong>principem</strong></span> <span class='ocrx_word' id='word_1_182' title='bbox 915 2654 1013 2701; x_wconf 87' lang='lat' dir='ltr'><strong>suum</strong></span> <span class='ocrx_word' id='word_1_183' title='bbox 1026 2634 1219 2715; x_wconf 85' lang='lat' dir='ltr'><strong>illustravit,</strong></span> 
     </span>
     <span class='ocr_line' id='line_1_24' title="bbox 118 2737 1220 2824; baseline -0.002 -19"><span class='ocrx_word' id='word_1_184' title='bbox 118 2738 263 2807; x_wconf 83' lang='lat' dir='ltr'><strong>Claudio</strong></span> <span class='ocrx_word' id='word_1_185' title='bbox 277 2739 451 2823; x_wconf 76' lang='lat' dir='ltr'><strong>adaptant,</strong></span> <span class='ocrx_word' id='word_1_186' title='bbox 466 2745 534 2807; x_wconf 86' lang='lat' dir='ltr'><strong>tum</strong></span> <span class='ocrx_word' id='word_1_187' title='bbox 550 2759 723 2824; x_wconf 79' lang='lat' dir='ltr'><strong>perperam</strong></span> <span class='ocrx_word' id='word_1_188' title='bbox 737 2745 851 2821; x_wconf 80' lang='lat' dir='ltr'><strong>egunt,</strong></span> <span class='ocrx_word' id='word_1_189' title='bbox 864 2746 904 2803; x_wconf 91' lang='lat' dir='ltr'><strong>ut</strong></span> <span class='ocrx_word' id='word_1_190' title='bbox 925 2737 1037 2801; x_wconf 90' lang='lat' dir='ltr'><strong>mirari</strong></span> <span class='ocrx_word' id='word_1_191' title='bbox 1058 2738 1142 2803; x_wconf 85' lang='lat' dir='ltr'><strong>satis</strong></span> <span class='ocrx_word' id='word_1_192' title='bbox 1161 2757 1220 2805; x_wconf 87' lang='lat' dir='ltr'><strong>ne·</strong></span> 
     </span>
     <span class='ocr_line' id='line_1_25' title="bbox 118 2838 1218 2925; baseline -0.004 -20"><span class='ocrx_word' id='word_1_193' title='bbox 118 2860 255 2925; x_wconf 88' lang='lat' dir='ltr'><strong>queam,</strong></span> <span class='ocrx_word' id='word_1_194' title='bbox 268 2844 406 2907; x_wconf 83' lang='lat' dir='ltr'><strong>nomina</strong></span> <span class='ocrx_word' id='word_1_195' title='bbox 420 2841 543 2925; x_wconf 83' lang='lat' dir='ltr'><strong>Lipsii,</strong></span> <span class='ocrx_word' id='word_1_196' title='bbox 562 2840 728 2907; x_wconf 88' lang='lat' dir='ltr'><strong>Brissonii</strong></span> <span class='ocrx_word' id='word_1_197' title='bbox 747 2860 791 2905; x_wconf 86' lang='lat' dir='ltr'><strong>ec</strong></span> <span class='ocrx_word' id='word_1_198' title='bbox 813 2839 964 2907; x_wconf 75' lang='lat' dir='ltr'><strong>&#39;l&#39;eilierii</strong></span> <span class='ocrx_word' id='word_1_199' title='bbox 987 2839 1023 2903; x_wconf 88' lang='lat' dir='ltr'><strong>in</strong></span> <span class='ocrx_word' id='word_1_200' title='bbox 1044 2838 1114 2903; x_wconf 90' lang='lat' dir='ltr'><strong>illia</strong></span> <span class='ocrx_word' id='word_1_201' title='bbox 1131 2858 1218 2903; x_wconf 87' lang='lat' dir='ltr'><strong>esse.</strong></span> 
     </span>
     <span class='ocr_line' id='line_1_26' title="bbox 119 2938 1218 3028; baseline -0.005 -19"><span class='ocrx_word' id='word_1_202' title='bbox 119 2944 234 3009; x_wconf 84' lang='lat' dir='ltr'><strong>Tanta</strong></span> <span class='ocrx_word' id='word_1_203' title='bbox 246 2946 334 3010; x_wconf 88' lang='lat' dir='ltr'><strong>enim</strong></span> <span class='ocrx_word' id='word_1_204' title='bbox 350 2944 524 3011; x_wconf 78' lang='lat' dir='ltr'><strong>sententies</strong></span> <span class='ocrx_word' id='word_1_205' title='bbox 538 2944 612 3028; x_wconf 84' lang='lat' dir='ltr'><strong>ejus</strong></span> <span class='ocrx_word' id='word_1_206' title='bbox 625 2942 872 3020; x_wconf 83' lang='lat' dir='ltr'><strong>estinsulsitae,</strong></span> <span class='ocrx_word' id='word_1_207' title='bbox 883 2945 921 3005; x_wconf 90' lang='lat' dir='ltr'><strong>ut</strong></span> <span class='ocrx_word' id='word_1_208' title='bbox 927 2938 1076 3005; x_wconf 78' lang='lat' dir='ltr'><strong>refellere</strong></span> <span class='ocrx_word' id='word_1_209' title='bbox 1086 2959 1161 3005; x_wconf 87' lang='lat' dir='ltr'><strong>eam</strong></span> <span class='ocrx_word' id='word_1_210' title='bbox 1176 2959 1218 3005; x_wconf 87' lang='lat' dir='ltr'><strong>ac</strong></span> 
     </span>
     <span class='ocr_line' id='line_1_27' title="bbox 119 3042 1220 3131; baseline -0.006 -20"><span class='ocrx_word' id='word_1_211' title='bbox 119 3046 317 3128; x_wconf 79' lang='lat' dir='ltr'><strong>redarguere</strong></span> <span class='ocrx_word' id='word_1_212' title='bbox 326 3047 385 3111; x_wconf 80' lang='lat' dir='ltr'><strong>vix</strong></span> <span class='ocrx_word' id='word_1_213' title='bbox 398 3064 511 3131; x_wconf 74' lang='lat' dir='ltr'><strong>operm</strong></span> <span class='ocrx_word' id='word_1_214' title='bbox 526 3045 670 3129; x_wconf 83' lang='lat' dir='ltr'><strong>pretium</strong></span> <span class='ocrx_word' id='word_1_215' title='bbox 683 3044 739 3122; x_wconf 87' lang='lat' dir='ltr'><strong>sit,</strong></span> <span class='ocrx_word' id='word_1_216' title='bbox 754 3052 790 3109; x_wconf 91' lang='lat' dir='ltr'><strong>et</strong></span> <span class='ocrx_word' id='word_1_217' title='bbox 803 3043 862 3128; x_wconf 90' lang='lat' dir='ltr'><strong>qui</strong></span> <span class='ocrx_word' id='word_1_218' title='bbox 877 3042 926 3107; x_wconf 90' lang='lat' dir='ltr'><strong>ita</strong></span> <span class='ocrx_word' id='word_1_219' title='bbox 940 3048 1085 3106; x_wconf 88' lang='lat' dir='ltr'><strong>statuere</strong></span> <span class='ocrx_word' id='word_1_220' title='bbox 1100 3046 1220 3125; x_wconf 87' lang='lat' dir='ltr'><strong>potue-</strong></span> 
     </span>
     <span class='ocr_line' id='line_1_28' title="bbox 118 3142 1220 3230; baseline -0.005 -17"><span class='ocrx_word' id='word_1_221' title='bbox 118 3152 205 3226; x_wconf 87' lang='lat' dir='ltr'><strong>ruut,</strong></span> <span class='ocrx_word' id='word_1_222' title='bbox 220 3152 281 3211; x_wconf 90' lang='lat' dir='ltr'><strong>aut</strong></span> <span class='ocrx_word' id='word_1_223' title='bbox 295 3146 401 3213; x_wconf 87' lang='lat' dir='ltr'><strong>Curtii</strong></span> <span class='ocrx_word' id='word_1_224' title='bbox 415 3147 517 3212; x_wconf 83' lang='lat' dir='ltr'><strong>verbe</strong></span> <span class='ocrx_word' id='word_1_225' title='bbox 526 3164 663 3230; x_wconf 83' lang='lat' dir='ltr'><strong>prorsus</strong></span> <span class='ocrx_word' id='word_1_226' title='bbox 674 3145 904 3228; x_wconf 72' lang='lat' dir='ltr'><strong>neglexerunt,</strong></span> <span class='ocrx_word' id='word_1_227' title='bbox 913 3150 974 3207; x_wconf 86' lang='lat' dir='ltr'><strong>eut</strong></span> <span class='ocrx_word' id='word_1_228' title='bbox 983 3160 1050 3208; x_wconf 91' lang='lat' dir='ltr'><strong>non</strong></span> <span class='ocrx_word' id='word_1_229' title='bbox 1059 3142 1220 3225; x_wconf 77' lang='lat' dir='ltr'><strong>legerunt,</strong></span> 
     </span>
     <span class='ocr_line' id='line_1_29' title="bbox 119 3241 1220 3331; baseline -0.005 -18"><span class='ocrx_word' id='word_1_230' title='bbox 119 3268 195 3331; x_wconf 76' lang='lat' dir='ltr'><strong>quse</strong></span> <span class='ocrx_word' id='word_1_231' title='bbox 212 3246 409 3325; x_wconf 87' lang='lat' dir='ltr'><strong>Suetonius,</strong></span> <span class='ocrx_word' id='word_1_232' title='bbox 426 3246 494 3312; x_wconf 87' lang='lat' dir='ltr'><strong>Dio</strong></span> <span class='ocrx_word' id='word_1_233' title='bbox 515 3244 669 3323; x_wconf 80' lang='lat' dir='ltr'><strong>Cassius,</strong></span> <span class='ocrx_word' id='word_1_234' title='bbox 691 3254 725 3311; x_wconf 89' lang='lat' dir='ltr'><strong>et</strong></span> <span class='ocrx_word' id='word_1_235' title='bbox 738 3242 913 3328; x_wconf 81' lang='lat' dir='ltr'><strong>Josepbue</strong></span> <span class='ocrx_word' id='word_1_236' title='bbox 929 3242 971 3307; x_wconf 88' lang='lat' dir='ltr'><strong>de</strong></span> <span class='ocrx_word' id='word_1_237' title='bbox 983 3243 1051 3307; x_wconf 87' lang='lat' dir='ltr'><strong>isto</strong></span> <span class='ocrx_word' id='word_1_238' title='bbox 1070 3241 1220 3327; x_wconf 88' lang='lat' dir='ltr'><strong>Impera·</strong></span> 
     </span>
     <span class='ocr_line' id='line_1_30' title="bbox 120 3342 1220 3431; baseline -0.009 -14"><span class='ocrx_word' id='word_1_239' title='bbox 120 3356 190 3417; x_wconf 90' lang='lat' dir='ltr'><strong>ture</strong></span> <span class='ocrx_word' id='word_1_240' title='bbox 214 3342 434 3431; x_wconf 83' lang='lat' dir='ltr'><strong>scripserunt</strong></span> <span class='ocrx_word' id='word_1_241' title='bbox 479 3346 591 3413; x_wconf 87' lang='lat' dir='ltr'><strong>Matre</strong></span> <span class='ocrx_word' id='word_1_242' title='bbox 613 3345 766 3413; x_wconf 76' lang='lat' dir='ltr'><strong>Antonia</strong></span> <span class='ocrx_word' id='word_1_243' title='bbox 787 3346 863 3430; x_wconf 87' lang='lat' dir='ltr'><strong>ipsa</strong></span> <span class='ocrx_word' id='word_1_244' title='bbox 885 3350 998 3422; x_wconf 87' lang='lat' dir='ltr'><strong>teste,⁰</strong></span> <span class='ocrx_word' id='word_1_245' title='bbox 1021 3362 1088 3410; x_wconf 92' lang='lat' dir='ltr'><strong>non</strong></span> <span class='ocrx_word' id='word_1_246' title='bbox 1109 3343 1220 3421; x_wconf 87' lang='lat' dir='ltr'><strong>bomo,</strong></span> 
     </span>
     <span class='ocr_line' id='line_1_31' title="bbox 120 3444 1219 3532; baseline -0.002 -19"><span class='ocrx_word' id='word_1_247' title='bbox 120 3448 180 3513; x_wconf 90' lang='lat' dir='ltr'><strong>sed</strong></span> <span class='ocrx_word' id='word_1_248' title='bbox 191 3455 381 3532; x_wconf 89' lang='lat' dir='ltr'><strong>portentum</strong></span> <span class='ocrx_word' id='word_1_249' title='bbox 394 3448 550 3524; x_wconf 86' lang='lat' dir='ltr'><strong>bominis,</strong></span> <span class='ocrx_word' id='word_1_250' title='bbox 566 3465 628 3513; x_wconf 86' lang='lat' dir='ltr'><strong>nec</strong></span> <span class='ocrx_word' id='word_1_251' title='bbox 642 3446 818 3513; x_wconf 81' lang='lat' dir='ltr'><strong>absolutos</strong></span> <span class='ocrx_word' id='word_1_252' title='bbox 832 3453 998 3523; x_wconf 83' lang='lat' dir='ltr'><strong>enatura,</strong></span> <span class='ocrx_word' id='word_1_253' title='bbox 1012 3444 1073 3509; x_wconf 87' lang='lat' dir='ltr'><strong>sed</strong></span> <span class='ocrx_word' id='word_1_254' title='bbox 1088 3448 1219 3511; x_wconf 85' lang='lat' dir='ltr'><strong>tuntum</strong></span> 
     </span>
     <span class='ocr_line' id='line_1_32' title="bbox 121 3546 1221 3633; baseline -0.002 -20"><span class='ocrx_word' id='word_1_255' title='bbox 121 3549 312 3628; x_wconf 88' lang='lat' dir='ltr'><strong>inchoatus,</strong></span> <span class='ocrx_word' id='word_1_256' title='bbox 325 3548 437 3613; x_wconf 91' lang='lat' dir='ltr'><strong>animo</strong></span> <span class='ocrx_word' id='word_1_257' title='bbox 452 3549 553 3613; x_wconf 87' lang='lat' dir='ltr'><strong>simul</strong></span> <span class='ocrx_word' id='word_1_258' title='bbox 566 3553 601 3612; x_wconf 90' lang='lat' dir='ltr'><strong>et</strong></span> <span class='ocrx_word' id='word_1_259' title='bbox 614 3567 754 3633; x_wconf 89' lang='lat' dir='ltr'><strong>corpore</strong></span> <span class='ocrx_word' id='word_1_260' title='bbox 768 3548 818 3612; x_wconf 88' lang='lat' dir='ltr'><strong>itu</strong></span> <span class='ocrx_word' id='word_1_261' title='bbox 831 3554 904 3611; x_wconf 87' lang='lat' dir='ltr'><strong>erat</strong></span> <span class='ocrx_word' id='word_1_262' title='bbox 926 3546 1096 3623; x_wconf 88' lang='lat' dir='ltr'><strong>hebetato,</strong></span> <span class='ocrx_word' id='word_1_263' title='bbox 1118 3553 1157 3609; x_wconf 88' lang='lat' dir='ltr'><strong>ut</strong></span> <span class='ocrx_word' id='word_1_264' title='bbox 1177 3564 1221 3611; x_wconf 91' lang='lat' dir='ltr'><strong>ne</strong></span> 
     </span>
     <span class='ocr_line' id='line_1_33' title="bbox 121 3647 1220 3736; baseline -0.005 -21"><span class='ocrx_word' id='word_1_265' title='bbox 121 3671 299 3736; x_wconf 73' lang='lat' dir='ltr'><strong>progressa</strong></span> <span class='ocrx_word' id='word_1_266' title='bbox 313 3651 449 3735; x_wconf 85' lang='lat' dir='ltr'><strong>quidem</strong></span> <span class='ocrx_word' id='word_1_267' title='bbox 463 3656 565 3716; x_wconf 74' lang='lat' dir='ltr'><strong>aetate</strong></span> <span class='ocrx_word' id='word_1_268' title='bbox 579 3650 642 3715; x_wconf 91' lang='lat' dir='ltr'><strong>nili</strong></span> <span class='ocrx_word' id='word_1_269' title='bbox 658 3649 798 3733; x_wconf 90' lang='lat' dir='ltr'><strong>publico</strong></span> <span class='ocrx_word' id='word_1_270' title='bbox 806 3650 980 3735; x_wconf 86' lang='lat' dir='ltr'><strong>privatove</strong></span> <span class='ocrx_word' id='word_1_271' title='bbox 988 3647 1111 3711; x_wconf 90' lang='lat' dir='ltr'><strong>muneri</strong></span> <span class='ocrx_word' id='word_1_272' title='bbox 1124 3647 1220 3710; x_wconf 83' lang='lat' dir='ltr'><strong>hebi-</strong></span> 
     </span>
     <span class='ocr_line' id='line_1_34' title="bbox 121 3749 1218 3837; baseline -0.004 -21"><span class='ocrx_word' id='word_1_273' title='bbox 121 3751 165 3817; x_wconf 85' lang='lat' dir='ltr'><strong>lis</strong></span> <span class='ocrx_word' id='word_1_274' title='bbox 177 3754 439 3829; x_wconf 83' lang='lat' dir='ltr'><strong>existimaretur,</strong></span> <span class='ocrx_word' id='word_1_275' title='bbox 448 3759 484 3816; x_wconf 88' lang='lat' dir='ltr'><strong>et</strong></span> <span class='ocrx_word' id='word_1_276' title='bbox 498 3752 567 3829; x_wconf 89' lang='lat' dir='ltr'><strong>diu,</strong></span> <span class='ocrx_word' id='word_1_277' title='bbox 577 3760 680 3837; x_wconf 86' lang='lat' dir='ltr'><strong>atque</strong></span> <span class='ocrx_word' id='word_1_278' title='bbox 692 3752 792 3817; x_wconf 86' lang='lat' dir='ltr'><strong>etiam</strong></span> <span class='ocrx_word' id='word_1_279' title='bbox 800 3758 884 3835; x_wconf 86' lang='lat' dir='ltr'><strong>post</strong></span> <span class='ocrx_word' id='word_1_280' title='bbox 893 3749 1030 3815; x_wconf 86' lang='lat' dir='ltr'><strong>tutelam</strong></span> <span class='ocrx_word' id='word_1_281' title='bbox 1040 3753 1218 3831; x_wconf 87' lang='lat' dir='ltr'><strong>receptam,</strong></span> 
     </span>
    </p>
   </div>
   <div class='ocr_carea' id='block_1_4' title="bbox 123 3953 1082 4245">
    <p class='ocr_par' dir='ltr' id='par_1_5' title="bbox 153 3953 820 4017">
     <span class='ocr_line' id='line_1_35' title="bbox 153 3953 820 4017; baseline 0 -14"><span class='ocrx_word' id='word_1_282' title='bbox 153 3954 160 3986; x_wconf 88' lang='lat'><strong>¹</strong></span> <span class='ocrx_word' id='word_1_283' title='bbox 175 3955 282 4003; x_wconf 82' lang='lat' dir='ltr'><strong>Sueten.</strong></span> <span class='ocrx_word' id='word_1_284' title='bbox 293 3953 379 4004; x_wconf 80' lang='lat' dir='ltr'><strong>Tibar.</strong></span> <span class='ocrx_word' id='word_1_285' title='bbox 390 3956 430 4005; x_wconf 72' lang='lat'><strong>⁵⁴.</strong></span> <span class='ocrx_word' id='word_1_286' title='bbox 690 3957 731 4003; x_wconf 85' lang='lat' dir='ltr'><strong>eu.</strong></span> <span class='ocrx_word' id='word_1_287' title='bbox 744 3968 820 4017; x_wconf 77' lang='lat' dir='ltr'><strong>aeqq.</strong></span> 
     </span>
    </p>

    <p class='ocr_par' dir='ltr' id='par_1_6' title="bbox 123 4028 1059 4161">
     <span class='ocr_line' id='line_1_36' title="bbox 153 4028 1045 4081; baseline -0.002 -2"><span class='ocrx_word' id='word_1_288' title='bbox 153 4028 164 4062; x_wconf 72' lang='lat'><em>¹</em></span> <span class='ocrx_word' id='word_1_289' title='bbox 180 4030 264 4081; x_wconf 77' lang='lat' dir='ltr'><strong>Tacit.</strong></span> <span class='ocrx_word' id='word_1_290' title='bbox 284 4030 353 4081; x_wconf 76' lang='lat' dir='ltr'><strong>Ana.</strong></span> <span class='ocrx_word' id='word_1_291' title='bbox 373 4042 416 4079; x_wconf 92' lang='grc' dir='ltr'>ιιι.</span> <span class='ocrx_word' id='word_1_292' title='bbox 438 4034 481 4081; x_wconf 69' lang='lat' dir='ltr'><strong>att.</strong></span> <span class='ocrx_word' id='word_1_293' title='bbox 499 4036 527 4080; x_wconf 80' lang='lat' dir='ltr'><strong>rt</strong></span> <span class='ocrx_word' id='word_1_294' title='bbox 542 4028 649 4079; x_wconf 80' lang='lat' dir='ltr'><strong>Sueten.</strong></span> <span class='ocrx_word' id='word_1_295' title='bbox 722 4028 1045 4079; x_wconf 73' lang='lat' dir='ltr'><strong>¹&#39;&#39;1¹rcir.dnnai.vr.2t.</strong></span> 
     </span>
     <span class='ocr_line' id='line_1_37' title="bbox 123 4104 1059 4161; baseline 0.001 -8"><span class='ocrx_word' id='word_1_296' title='bbox 123 4104 181 4161; x_wconf 78' lang='lat' dir='ltr'><strong>Tib.</strong></span> <span class='ocrx_word' id='word_1_297' title='bbox 191 4110 231 4155; x_wconf 76' lang='lat' dir='ltr'><strong>st.</strong></span> <span class='ocrx_word' id='word_1_298' title='bbox 722 4112 734 4137; x_wconf 81' lang='lat'>⁸</span> <span class='ocrx_word' id='word_1_299' title='bbox 749 4105 854 4153; x_wconf 79' lang='lat' dir='ltr'><strong>sarton.</strong></span> <span class='ocrx_word' id='word_1_300' title='bbox 865 4104 952 4154; x_wconf 77' lang='lat' dir='ltr'><strong>Tibur.</strong></span> <span class='ocrx_word' id='word_1_301' title='bbox 962 4107 1004 4155; x_wconf 67' lang='lat' dir='ltr'><strong>bi.</strong></span> <span class='ocrx_word' id='word_1_302' title='bbox 1015 4104 1059 4154; x_wconf 84' lang='lat' dir='ltr'><strong>tiu.</strong></span> 
     </span>
    </p>

    <p class='ocr_par' dir='ltr' id='par_1_7' title="bbox 151 4177 1082 4245">
     <span class='ocr_line' id='line_1_38' title="bbox 151 4177 1082 4245; baseline 0 -15"><span class='ocrx_word' id='word_1_303' title='bbox 151 4177 158 4215; x_wconf 86' lang='lat'><strong>¹</strong></span> <span class='ocrx_word' id='word_1_304' title='bbox 174 4183 282 4231; x_wconf 73' lang='lat' dir='ltr'><strong>duston.</strong></span> <span class='ocrx_word' id='word_1_305' title='bbox 300 4182 317 4231; x_wconf 95' lang='grc'><strong>1.</strong></span> <span class='ocrx_word' id='word_1_306' title='bbox 332 4181 349 4233; x_wconf 90' lang='lat' dir='ltr'><strong>i.</strong></span> <span class='ocrx_word' id='word_1_307' title='bbox 370 4188 398 4231; x_wconf 81' lang='lat' dir='ltr'><strong>et</strong></span> <span class='ocrx_word' id='word_1_308' title='bbox 412 4180 495 4233; x_wconf 82' lang='lat' dir='ltr'><strong>Tacit.</strong></span> <span class='ocrx_word' id='word_1_309' title='bbox 508 4179 601 4233; x_wconf 71' lang='lat' dir='ltr'><strong>Annei.</strong></span> <span class='ocrx_word' id='word_1_310' title='bbox 612 4195 650 4233; x_wconf 86' lang='grc' dir='ltr'>ιιι.</span> <span class='ocrx_word' id='word_1_311' title='bbox 723 4188 735 4212; x_wconf 82' lang='grc'><em>·</em></span> <span class='ocrx_word' id='word_1_312' title='bbox 751 4180 860 4231; x_wconf 77' lang='lat' dir='ltr'><strong>Sueten.</strong></span> <span class='ocrx_word' id='word_1_313' title='bbox 872 4179 964 4229; x_wconf 78' lang='lat' dir='ltr'><strong>Ctaud.</strong></span> <span class='ocrx_word' id='word_1_314' title='bbox 976 4184 1000 4230; x_wconf 80' lang='lat'><strong>2.</strong></span> <span class='ocrx_word' id='word_1_315' title='bbox 1012 4195 1082 4245; x_wconf 73' lang='lat' dir='ltr'><strong>seqq.</strong></span> 
     </span>
    </p>
   </div>
   <div class='ocr_carea' id='block_1_5' title="bbox 0 0 1478 4867">
    <p class='ocr_par' dir='ltr' id='par_1_8' title="bbox 0 0 1478 4867">
     <span class='ocr_line' id='line_1_39' title="bbox 0 0 1478 4867; baseline 0 0"><span class='ocrx_word' id='word_1_316' title='bbox 0 0 1478 4867; x_wconf 95' lang='lat' dir='ltr'><strong> </strong></span> 
     </span>
    </p>
   </div>
   <div class='ocr_carea' id='block_1_6' title="bbox 1459 0 1465 868">
    <p class='ocr_par' dir='ltr' id='par_1_9' title="bbox 1459 0 1465 868">
     <span class='ocr_line' id='line_1_40' title="bbox 1459 0 1465 868; baseline 0 0"><span class='ocrx_word' id='word_1_317' title='bbox 1459 0 1465 868; x_wconf 95' lang='lat' dir='ltr'><strong> </strong></span> 
     </span>
    </p>
   </div>
  </div>
 </body>
</html>
