2925 4867
346 387 475 436 suren.
499 385 537 435 ra
563 387 597 446 o.
621 385 794 436 cuarruu
821 386 893 436 ιιι.
917 389 960 438 ιι.
1128 373 1191 440 121

102 525 200 590 (lenda
226 526 406 588 blacedonia
433 529 618 608 cogitarent?
666 527 749 588 Nulli
776 539 941 589 ceterorum
968 527 1077 589 ducum
1106 541 1192 608 grate

103 622 193 684 orado
205 623 271 684 t‘nit.
313 628 363 688 ts.
385 625 440 684 ald
455 626 581 685 tortasse
596 625 749 683 Memnoni
771 623 889 686 Rhodio
901 625 1016 704 probari
1031 645 1129 704 posse,
1143 627 1190 686 cui
1264 621 1266 631 '

102 719 239 799 expediat
250 720 361 781 benum
374 720 459 789 trabi,
473 741 534 801 quo
547 719 659 780 diutius
678 719 864 792 bonoribus?
877 721 1089 800 stipendiisque
1102 722 1191 800 regiis

101 816 312 896 perfrueretur:
334 816 433 877 Persis
446 818 620 878 commissos
634 815 703 877 fidei
718 837 780 876 suas
795 816 919 897 populos
934 815 1057 895 prodere
1076 816 1190 895 puden·

101 909 169 971 dum
182 911 293 973 rideri:
316 928 413 992 nequa
437 913 517 993 apud
540 931 640 992 regem
661 912 794 972 excusari
816 931 913 992 posse,
929 913 978 991 qui
1000 913 1089 992 longe
1103 912 1190 973 aliam

99 1006 169 1066 belli
182 1009 306 1086 gerendi
318 1010 460 1082 rationem
474 1010 714 1090 prescripsisset.
751 1010 801 1068 25.
822 1008 939 1087 Quippe
955 1008 1073 1081 Darius,
1088 1008 1190 1068 audito

99 1101 300 1164 Alexandrum
313 1123 349 1165 ex
370 1105 550 1166 Macedonia
563 1103 702 1175 movisse,
715 1102 814 1164 literas
830 1103 867 1163 ad
882 1103 1038 1184 praelectus
1052 1123 1123 1164 suos
1136 1105 1192 1163 mi-

101 1209 189 1270 serat,
204 1201 363 1278 imperans,
384 1208 439 1261 ‘ut
458 1201 653 1262 insanientem
672 1198 801 1279 Philippi
819 1198 1073 1261 adolescentulum
1086 1200 1191 1279 puerili

99 1295 219 1355 verbere
242 1297 338 1356 etatis
362 1308 394 1356 et
416 1297 595 1358 conditionis
620 1296 813 1369 admonitum,
827 1295 935 1356 deinde
949 1313 1096 1377 purpurea
1110 1307 1192 1356 reste

98 1389 245 1464 indutum,
258 1395 472 1473 quamprimum
486 1394 541 1454 sibi
553 1395 685 1455 vinctum
699 1392 899 1454 adducerent:
921 1411 1010 1454 nares
1024 1391 1117 1471 ipsius
1130 1411 1193 1452 una

98 1505 168 1546 curn
189 1490 287 1548 nautis
309 1491 383 1550 mari
410 1488 634 1568 demergerent:
661 1487 769 1549 mibtes
794 1505 897 1548 omnes
921 1486 961 1548 ad
979 1487 1082 1548 ultima
1101 1488 1190 1547 :naris

99 1581 244 1660 Erythraei
257 1582 325 1644 loca
338 1582 527 1663 deportarent
536 1584 555 1643 :⁹
574 1584 625 1644 26.
640 1581 716 1643 adeo
729 1601 792 1662 prce
807 1582 943 1662 auperbia
956 1581 1046 1641 futuri
1059 1601 1191 1653 securus,

97 1688 129 1738 et
141 1677 263 1756 ignarus
277 1680 365 1739 sortis
380 1698 456 1751 rum,
472 1697 589 1739 omnem
604 1678 741 1738 bumana
755 1676 961 1738 imbecillitatis
976 1697 1096 1738 seusurn
1116 1696 1190 1738 esu·

97 1784 172 1845 erat,
185 1776 459 1854 ‘consanguineum
472 1775 587 1837 Deum'
609 1794 642 1834 se
657 1775 766 1848 ferens,
781 1775 875 1853 magis
890 1773 970 1853 quod
984 1774 1117 1853 potentia
1129 1791 1190 1833 non

97 1868 199 1948 dispar
210 1871 283 1948 ipsis
296 1871 453 1944 videretur,
467 1891 557 1952 quam
577 1873 616 1932 ob
629 1881 758 1931 veterem
778 1869 932 1941 fabulam,p
954 1889 1014 1949 qua
1033 1869 1190 1930 Persarum

95 1981 183 2043 reges
199 1964 342 2026 aPerseo
364 1967 448 2027 loris
462 1967 524 2027 filio
544 1985 651 2026 nomen
665 1976 756 2045 atque
778 1985 873 2044 genus
895 1966 1018 2026 traxisse
1033 1966 1191 2024 ferebatur.

96 2062 147 2121 27.
170 2060 284 2121 Eodem
305 2063 384 2122 iastu
402 2063 522 2143 plenam
548 2063 713 2143 Epistulam
735 2061 775 2122 ad
796 2059 1101 2138 Athenienses‘paulo
1122 2070 1192 2120 ants

96 2157 185 2217 scribi
193 2157 336 2237 jusserat,
349 2157 590 2238 addideratque,q
604 2155 744 2237 ‘quando
759 2154 932 2216 Macedonis
947 2154 1103 2214 amicitiara
1114 2173 1193 2232 prae·

95 2251 245 2325 tulissent,
266 2273 331 2314 ase
345 2253 486 2335 deinceps
507 2273 611 2314 aurum
632 2272 670 2312 ne
692 2261 844 2331 peterent:
866 2251 1018 2313 nonenim
1032 2251 1191 2312 missurum
1310 2316 1312 2320 ,

96 2365 175 2420 esse,
188 2349 278 2410 edam
293 2349 488 2428 rogantibus!

135 2443 175 2504 V.
211 2447 238 2504 l.
262 2447 304 2504 At
324 2445 495 2505 Alexander
518 2464 586 2506 cum
609 2445 687 2504 inter
711 2441 958 2523 progrediendum
973 2461 1074 2522 agrurn
1089 2461 1107 2502 a
1121 2461 1192 2520 rege

96 2537 254 2600 Persarum
275 2540 429 2600 Memnoni
453 2539 534 2601 dono
557 2540 661 2600 datum
684 2541 844 2618 attigisset,
858 2538 1022 2598 ‘maleficio
1036 2537 1192 2598 abstineri'

91 2629 188 2712 jubet,
202 2634 395 2714 ‘colonisque
409 2647 440 2696 et
453 2636 597 2696 fructibus
610 2635 692 2715 parci
701 2637 733 2694 τ’·
758 2634 868 2696 callido
890 2646 1056 2696 commento
1071 2651 1192 2714 suspec-

96 2741 158 2790 tum
171 2732 306 2792 facturus
319 2731 467 2792 bominem
489 2729 677 2804 industrium,
690 2741 722 2792 et
743 2750 831 2810 quem
853 2749 889 2791 ex
910 2729 1047 2789 omnibus
1061 2723 1191 2790 hostium

96 2824 222 2886 dacibus
235 2845 330 2886 unum
343 2845 404 2886 non
417 2827 640 2899 contemneret?
653 2828 677 2886 si
690 2827 720 2886 in
737 2846 806 2887 suas
820 2837 919 2906 partes
934 2825 1124 2886 transducere
1139 2844 1191 2884 ne·

96 2921 251 2998 quivisset.
292 2925 323 2981 2.
344 2923 481 3002 Cumque
492 2930 501 2960 ⁴
512 2923 663 2984 lenitatem
677 2923 773 3003 regis'
786 2922 921 2983 admirati
932 2920 1074 3000 quidam,e
1088 2928 1097 2955 ⁸
1109 2939 1192 2984 acer-

95 3016 201 3078 rimum
228 3017 513 3099 callidissimumque
540 3018 739 3078 Macedonum
764 3016 891 3090 hostem,
919 3017 1132 3096 quamprimum
1161 3015 1190 3074 in

96 3121 275 3190 potantem
295 3113 435 3176 redactus
455 3124 546 3188 erret,
567 3113 819 3181 interficiendum:
841 3124 929 3191 atque
947 3111 1061 3172 interim
1084 3111 1192 3190 quibus

97 3219 200 3287 posset
211 3208 348 3270 cladibus
365 3209 534 3270 renaudum
558 3210 643 3269 esae’
656 3208 805 3270 dicerent:
827 3207 937 3288 ‘quim’
950 3209 1053 3286 inquit,
1073 3205 1191 3286 ‘potius

96 3303 246 3366 beneficiis
260 3306 485 3385 supplantamus
497 3305 657 3377 bominem,
670 3315 702 3364 et
716 3305 843 3366 amicum
864 3323 901 3364 ex
921 3303 1038 3362 inimico
1054 3301 1189 3370 lauimus,

97 3399 202 3460 adem
215 3402 323 3461 virtute
336 3411 368 3461 et
380 3401 501 3462 solertia
513 3421 567 3482 pro
581 3403 666 3462 nobis
679 3399 847 3460 staturum!
889 3401 918 3458 ³.
939 3398 1068 3456 Ventum
1082 3407 1145 3458 erat
1159 3398 1190 3456 in

97 3515 218 3576 campos
231 3497 411 3568 Adrastem,⁴¹
424 3517 476 3577 per
489 3517 558 3577 quas
572 3497 719 3557 Granicus
731 3495 826 3556 amnis
840 3492 983 3574 praecipiti
996 3511 1084 3553 cursu
1097 3493 1192 3554 rolri-

96 3604 156 3653 tnr.
185 3594 229 3654 lbi
238 3592 359 3672 quidam
373 3611 410 3652 ex
423 3594 668 3674 speculatoribus,
682 3611 837 3671 quoscum
851 3588 1025 3668 Hegelocho
1041 3590 1193 3667 praemise-

97 3694 169 3760 ηιξ
180 3689 287 3749 reversi
308 3688 457 3761 nuntiant,
471 3688 599 3750 ‘Persas
613 3686 764 3746 instructis
784 3685 823 3744 ad
843 3683 978 3764 praelium
995 3681 1145 3744 ordinibus
1158 3685 1189 3742 in

96 3783 234 3846 ulteriore
259 3786 325 3864 ripa
350 3785 532 3845 consistere.’
583 3788 614 3845 4.
642 3780 799 3860 Paulisper
825 3778 1128 3849 commentandum
1153 3775 1190 3842 de

133 3933 145 3959 ⁰
160 3926 261 3978 Arriam
271 3925 290 3975 l.
299 3925 320 3975 l.
695 3923 707 3958 b
725 3923 798 3972 Curt.
811 3935 855 3971 ιιι.
866 3925 890 3971 1.
901 3925 942 3972 at.

134 4007 148 4041 t
162 4001 259 4052 fland.
271 4013 322 4052 ιιι.
333 4002 389 4051 1⁶⁰.
411 3999 484 4054 Plut.
496 3999 624 4051 Alcibiad.
695 4005 708 4032 ⁰
722 3995 845 4047 'l'bemist
856 3995 932 4047 Orat.
941 3999 965 4045 9.

96 4093 129 4142 p.
139 4080 195 4127 tta.
695 4073 707 4108 δ
723 4071 809 4122 strab.
820 4085 883 4121 xrrr.
895 4085 921 4134 p.
931 4075 989 4121 580.

135 4161 148 4195 t
161 4153 269 4204 meam.
277 4158 362 4204 contr.
372 4151 488 4216 ctsrtpb.
696 4156 707 4184 ·
723 4147 857 4198 Arriani.
870 4150 910 4198 lt.

134 4235 146 4262 ⁸
161 4228 443 4294 remuneratores.
454 4231 478 4278 t.
490 4231 530 4279 tt.
