2925 4867
251 348 317 423 210
481 371 515 434 o.
538 356 669 423 curru
693 366 785 422 nuri
811 370 887 421 ura.
911 372 963 421 ιν.
983 353 1069 423 cai.
1088 352 1123 423 a.

251 518 391 583 bantur:
413 517 511 581 navis
526 510 638 581 antem
662 516 739 599 igne
761 524 928 602 concepto
952 518 1054 583 latius
1079 515 1218 583 fundere
1240 516 1353 581 incen-

254 618 344 683 dium
359 618 483 703 coepitr
507 618 601 701 quod
624 618 822 701 priusquam
837 624 958 703 posset
972 620 1113 695 occurri,
1125 624 1233 685 torres
1247 625 1283 682 et
1298 638 1354 682 ce·

253 728 328 787 tera
350 738 454 804 opera
471 722 507 785 in
526 722 641 803 capite
666 721 767 783 molis
790 721 907 803 posita
930 718 1195 804 comprehendit.
1239 723 1272 783 4.
1294 718 1354 796 At,

253 822 312 909 qui
327 822 519 887 desilierunt
538 822 573 887 in
593 841 700 907 parva
720 824 868 905 nauigia,
882 824 975 887 iaces
997 831 1034 887 et
1055 820 1219 905 quicquid
1235 820 1355 884 alendo

252 924 320 1007 igni
335 928 450 1008 aptum
465 928 538 992 erat
550 921 584 987 in
598 922 714 988 eadem
729 942 834 1007 opera
847 924 1003 1006 ingerunt.
1045 922 1194 1006 Jamque
1206 942 1273 987 non
1282 940 1356 986 mo·

253 1026 298 1091 do
314 1024 539 1093 Macedonum
551 1032 671 1103 turres,
687 1026 867 1091 sedetiam
883 1044 1016 1092 summa
1029 1011 1182 1090 tabulata
1195 1042 1358 1106 concepe-

251 1136 328 1193 rant
348 1128 479 1211 ignem
501 1122 579 1193 curn
593 1128 630 1205 ii,
645 1128 704 1211 qui
719 1128 756 1191 in
771 1127 915 1193 turribus
930 1132 1037 1204 erant,
1051 1126 1175 1211 partim
1187 1125 1357 1189 hauriren-

251 1235 327 1295 tnr·
349 1229 515 1307 incendio,
537 1230 656 1314 partim
682 1228 783 1293 annis
806 1229 952 1307 omissis,
980 1228 1017 1292 in
1037 1247 1130 1293 mara
1151 1235 1263 1292 semet
1284 1227 1357 1310 ipsi

253 1331 478 1397 immitterent.
520 1334 553 1396 6.
575 1330 624 1395 At
648 1329 758 1415 Tyrii,
782 1332 842 1415 qni
865 1348 985 1415 capere
1008 1349 1080 1409 eos,
1107 1348 1207 1413 quam
1231 1329 1358 1393 interfi-

253 1452 327 1497 cere
342 1432 488 1511 mallem,
502 1433 685 1497 natantium
704 1452 825 1497 manus
848 1434 1022 1517 stipitibus
1037 1433 1201 1515 saxisque
1224 1428 1359 1496 lacera·

252 1534 345 1613 bant,
364 1532 468 1601 donec
495 1534 659 1599 debilitati
674 1532 810 1617 impune
822 1521 967 1617 navigiis
992 1534 1110 1617 excipi
1124 1541 1278 1616 possent.
1320 1532 1359 1597 (i.

254 1634 331 1701 Noc
348 1636 501 1703 incendio
517 1636 626 1701 solum
640 1652 745 1719 opera
759 1640 954 1715 consumta3
976 1634 1039 1701 sed
1061 1633 1146 1699 sorte
1161 1631 1283 1697 eodem
1297 1631 1358 1697 die

251 1738 480 1805 vehementior
494 1742 614 1805 ventus
634 1743 765 1803 motum
780 1754 827 1804 ex
838 1734 1007 1822 profundo
1021 1755 1114 1802 mare
1126 1732 1225 1803 illisit
1234 1735 1272 1799 in
1283 1754 1362 1800 mo-

252 1838 346 1916 lum,d
366 1838 560 1922 crebrisque
585 1836 746 1904 fluctibus
770 1856 954 1922 compages
979 1838 1093 1921 operis
1116 1836 1300 1903 verberata
1314 1856 1360 1901 se

252 1939 435 2017 laxavere:
464 1958 617 2024 saxaque
641 1939 825 2005 interluens
847 1940 941 2004 unda
968 1939 1117 2005 medium
1142 1956 1231 2022 opus
1253 1939 1362 2020 rupit.

252 2044 287 2107 ⁷.
310 2042 463 2108 Prorutis
488 2042 586 2126 igitur
607 2042 763 2125 lapidum
787 2042 943 2120 cumulis,
969 2041 1094 2125 quibus
1117 2040 1244 2125 injecta
1266 2044 1363 2105 terra

252 2142 491 2223 sustinebatur,
513 2162 668 2228 praeceps
695 2143 729 2207 in
744 2143 950 2227 protundum
964 2143 1050 2209 ruit:
1072 2146 1241 2224 tantaque
1254 2139 1363 2206 molis

251 2246 314 2309 rix
328 2245 399 2311 nlla
412 2246 557 2329 vestigia
573 2246 701 2313 invenit
722 2245 851 2312 Arabia
873 2244 1005 2311 rediens
1019 2242 1227 2309 Alexander.
1272 2242 1362 2320 Hic,

253 2342 347 2432 quod
370 2346 405 2411 iu
426 2346 579 2413 adversis
604 2348 706 2413 rebus
725 2348 818 2414 solet
835 2346 917 2426 tisri,
932 2348 1018 2413 alins
1040 2346 1078 2411 in
1097 2346 1204 2411 alium
1220 2344 1362 2428 colpam

252 2846 487 2909 timescit-t
503 2846 538 2896 Ar
549 2846 575 2897 li
586 2847 627 2911 qai
644 2847 728 2910 Bous.
744 2848 785 2897 Ac
795 2847 836 2911 qai
852 2847 925 2896 Voss.
945 2850 969 2898 1.
985 2844 1130 2896 redum
1146 2844 1262 2894 Floreat.
1282 2839 1360 2893 laeid.

251 2911 328 2959 Voss.
341 2915 364 2959 1.
377 2914 402 2961 2.
413 2910 484 2963 Pith.
504 2910 600 2961 rana.
616 2913 700 2975 Bong.
718 2915 743 2962 2.
765 2912 875 2961 Theocr.
887 2909 971 2973 nasu.
981 2919 1009 2960 rr
1020 2909 1105 2959 Arnai.
1138 2908 1207 2958 viae
1219 2909 1311 2959 licius.
1325 2908 1360 2957 ad

253 2973 474 3025 (inimicatur.
493 2980 580 3027 8021
608 2991 648 3025 ιιι
665 2976 740 3040 quasi
756 2974 872 3039 ineptum
892 2975 1020 3038 expungit
1037 2974 1151 3023 Modica.
1184 2974 1240 3022 Pro
1258 2988 1310 3022 eur
1331 2972 1361 3031 ii,

251 3038 329 3088 Voss.
342 3042 365 3089 l.
376 3042 401 3089 2.
413 3045 440 3087 et
449 3038 564 3089 Floreat.
575 2980 630 3097 ii,-
647 3040 759 3090 Mecil.
792 3040 850 3089 Pul.
862 3044 887 3090 t.
897 3045 969 3091 unet
980 3040 1099 3103 icam—6
1118 3038 1237 3088 Florenr.
1247 3043 1276 3087 et
1288 3037 1361 3086 Dan.

251 3102 378 3154 omittunt
394 3104 500 3166 nullm,
510 3104 578 3167 quod
591 3104 661 3153 Dan.
673 3112 761 3153 tamen
781 3104 863 3153 habet
881 3104 907 3152 in
925 3117 1006 3165 marg.
1039 3103 1116 3153 held.
1130 3107 1154 3152 1.
1165 3100 1296 3162 miclau,
1307 3114 1360 3163 pro

251 3168 608 3282 arrisisse-,ru
618 3166 1361 3228 ...a

251 3302 280 3345 et
301 3296 380 3348 Frob.
398 3300 473 3346 totum
494 3309 542 3361 pro
560 3302 657 3345 marna.
690 3297 768 3346 Voss.
787 3300 812 3346 2.
830 3307 861 3347 etc
872 3298 972 3358 fundu
995 3296 1047 3347 Eri.
1065 3310 1103 3359 pr.
1120 3296 1228 3344 Veneti.
1244 3294 1360 3343 Medici.

251 3358 327 3411 Rom.
339 3362 436 3427 Veron.
447 3362 516 3411 Mer.
527 3370 555 3409 er
567 3361 666 3421 cotra
673 3359 794 3424 masnade
811 3362 894 3412 nuris.
928 3361 987 3410 Pri.
1007 3365 1031 3410 1.
1048 3360 1127 3424 operta
1143 3360 1269 3418 utentum
1292 3357 1361 3407 Bas.

250 3424 476 3487 murrinum:
493 3422 608 3474 Floreat.
626 3424 700 3477 netu.
716 3434 745 3474 et
756 3426 834 3476 Voss.
847 3430 870 3474 1.
886 3439 909 3473 o.
921 3424 1051 3474 caterua
1068 3426 1190 3482 usam,
1200 3423 1294 3471 omisso
1312 3437 1362 3479 re:

251 3488 328 3537 etsie
339 3488 422 3551 Bccg.
440 3488 510 3539 Mer.
528 3488 584 3539 Col.
605 3487 690 3553 Lngrl.
708 3496 738 3539 et
753 3489 835 3538 Amet.
854 3487 995 3553 interfluens
1012 3489 1122 3538 Theocr.
1146 3487 1259 3536 liorem.
1281 3486 1360 3535 laid.

250 3551 327 3600 Voss.
342 3556 366 3602 1.
385 3556 410 3601 2.
429 3552 487 3603 i’al.
506 3557 528 3601 1.
549 3553 616 3602 Dan.
627 3553 735 3603 veneo.
746 3554 844 3603 Veron.
863 3552 922 3603 Aru.
937 3561 966 3603 et
978 3553 1118 3602 Malta-t
1135 3550 1267 3613 Pramus
1277 3551 1362 3612 igitur

252 3614 327 3667 Voss.
340 3621 363 3667 1.
374 3621 399 3666 2.
410 3617 520 3667 meoet.
536 3616 594 3667 Pri.
614 3621 637 3667 1.
654 3624 682 3667 et
698 3616 762 3667 ald.
778 3617 993 3681 τιμῶ-ψη
1005 3617 1082 3667 Voss.
1091 3621 1116 3666 2.
1127 3631 1233 3680 παφα
1243 3615 1360 3665 deestin

215 3680 219 3689 '
249 3678 323 3731 Pru.
355 3679 388 3730 ln
405 3679 496 3730 eodem
514 3681 625 3733 desunt:
643 3686 764 3745 tactaque
775 3698 808 3731 ur.
819 3698 881 3733 m.
892 3682 988 3732 alui.
999 3696 1022 3729 r.
1033 3681 1068 3731 A.
1101 3681 1195 3731 mutae
1211 3678 1271 3731 edd.
1288 3688 1362 3729 vett.

249 3742 402 3805 ulArcliu3
419 3745 517 3795 Fauch.
536 3752 563 3796 et
575 3740 636 3795 Arc.
647 3745 742 3797 rediens
752 3745 853 3797 Aratio.
886 3746 953 3795 Mer.
973 3746 1037 3808 Hoc,
1056 3747 1127 3809 quod,
1143 3748 1186 3808 irc.
1202 3744 1260 3795 Col.
1277 3758 1361 3808 quam

746 3888 855 3942 Now

250 3992 337 4045 Plinio
347 3995 464 4058 λὶρριμι
475 3996 630 4061 appellatur.
822 4011 882 4047 usna
894 3997 1013 4062 exempla
1024 4010 1076 4045 non
1088 3994 1193 4050 desunt,
1210 3992 1247 4043 ita
1262 3992 1366 4056 prioris

281 4077 293 4103 ⁶
310 4070 474 4134 Seleucum]
494 4072 602 4123 Frustra
614 4081 654 4123 est
666 4073 782 4135 Modica,
821 4070 1366 4136 frequentioracentumcentumn«

250 4144 303 4210 qui,
316 4144 416 4195 subluto
427 4160 460 4204 rc,
472 4146 554 4197 votuit
563 4146 681 4199 absolute
692 4150 781 4212 legen·
824 4147 950 4198 Curtium.

249 4219 312 4269 dum
329 4220 448 4272 locavere.
481 4220 520 4273 Ut
538 4222 605 4273 enim
625 4225 780 4287 posterioris
