2925 4867
203 350 483 404 rsouscorrnsn
511 352 550 403 ιιι
575 353 751 415 onrnrnn
775 354 948 405 cunrron
972 356 1115 406 noenu.
1158 342 1203 413 ld

114 496 297 565 Rhetornm
312 492 478 563 ueletiam
492 513 581 573 cnm,
596 495 653 579 qni
669 496 759 580 apud
772 495 928 564 Tacitum
941 495 1062 563 Auuui.
1079 513 1134 565 xe.
1146 498 1202 567 20.

113 606 148 665 et
160 598 218 665 21.
232 594 388 674 occurrit,
403 604 572 665 auctorem
588 616 664 665 esse
679 596 844 665 Historiae
859 597 985 665 Rerum
999 600 1043 667 ab
1055 598 1204 667 Alexan·

111 700 171 767 dro
187 696 316 780 Magno
329 705 509 779 gestamm
551 696 710 765 Attamen
728 698 927 767 anciacns
939 698 1078 767 Medius
1092 700 1128 769 in
1141 721 1203 769 no·

112 799 157 865 tis
169 798 293 881 quibes
304 796 456 868 (lurtlum
467 797 658 876 illustravit,
669 816 711 865 ea
720 797 764 864 de
773 816 810 863 re
823 798 874 866 ite
888 798 1066 883 predicet:
1080 797 1203 881 ‘Quod

111 896 193 967 Rue
208 914 393 980 cognomen
408 896 525 965 Curtio
551 898 766 976 momentu,
786 900 823 966 in
836 918 878 964 eo
892 900 977 967 edeo
992 899 1124 985 culpem
1137 921 1205 970 non

111 1000 286 1084 deprecor,
309 1003 344 1065 nt
356 998 455 1067 etiem
466 997 598 1069 landem
613 997 695 1067 mihi
714 996 827 1067 deberi
841 1000 1047 1078 contendam,
1067 1004 1203 1070 eumad

111 1102 307 1184 scriptorem
327 1116 393 1165 nou
414 1099 551 1177 melum,
573 1104 659 1167 certe
679 1100 714 1166 in
737 1099 887 1177 historia,
907 1120 1010 1183 qnam
1029 1104 1201 1171 memorie
1302 1094 1306 1100 ’

110 1200 294 1278 mondavit,
308 1200 458 1277 unicum
476 1219 553 1267 mea
566 1217 668 1283 opera
682 1202 781 1285 qnasi
797 1200 1002 1283 postliminio
1015 1221 1203 1286 cognomen

110 1321 210 1369 suum
223 1300 332 1369 rediit.
374 1298 419 1369 Et
431 1301 572 1369 tacerem
592 1299 744 1383 proiectu
757 1298 935 1385 meeum,
947 1302 989 1379 ei,
1003 1321 1079 1367 curu
1093 1302 1202 1373 eidem

110 1402 175 1469 lroc
196 1410 392 1486 perpetuum
412 1406 558 1467 veterum
579 1400 739 1467 librorum
764 1419 948 1468 cousensus
970 1402 1107 1480 tribuet,
1131 1423 1209 1471 am«

110 1504 203 1586 plius
216 1503 253 1567 in
266 1520 302 1567 ra
314 1500 540 1567 manifesteris
554 1496 779 1585 disputarem?

154 1619 197 1667 ιι.
218 1602 346 1667 Auctor
366 1600 531 1669 nicene
553 1598 678 1668 Iterum
700 1602 745 1667 uo
762 1598 956 1669 Alexandro
971 1599 1022 1669 M.
1036 1609 1203 1685 gesmmm

110 1705 189 1790 quis
203 1704 329 1770 fueriti
350 1708 408 1768 aut
422 1722 488 1786 qno
502 1709 655 1786 tempore
669 1701 816 1769 vixerst‘l
839 1719 908 1785 qua
920 1700 999 1768 vite
1012 1702 1204 1772 conditione

110 1823 195 1871 usus
219 1803 343 1871 fueriti
365 1820 505 1887 prorsus
528 1820 594 1869 non
618 1807 765 1876 comet,
786 1803 867 1887 qnia
891 1820 998 1887 neque
1020 1804 1097 1887 ipse
1118 1805 1202 1872 setis

109 1907 213 1989 pleno
232 1924 275 1971 ac
293 1903 441 1973 dilucide
463 1922 507 1969 ea
528 1902 702 1987 professus
720 1909 786 1982 est,
807 1922 916 1985 neque
939 1904 1120 1987 equalium
1141 1913 1203 1971 eut

109 2010 213 2073 utute
234 2005 338 2089 paulo
360 2005 584 2089 poetefiornnr
601 2004 781 2089 quisquam
795 2003 901 2069 Gnrtii
924 2003 1088 2069 Historici
1109 2022 1203 2069 men·

108 2107 236 2173 donem
261 2104 353 2173 iecit.
397 2105 545 2190 Fuerunt
570 2104 717 2188 quidem,
742 2104 803 2188 qui
828 2102 1003 2170 dulcedine
1028 2122 1071 2170 ao
1093 2104 1202 2171 nitore

110 2206 191 2291 styli
206 2203 358 2287 Uettieni
378 2206 506 2290 abrepti
528 2212 630 2289 etque
652 2223 764 2282 aurea,
785 2211 826 2269 nt
847 2204 949 2282 ainut,
972 2210 1074 2270 aetate
1087 2204 1202 2274 laeui

109 2304 435 2383 summonuistis,
463 2325 540 2373 esse
567 2306 698 2389 aliquid
723 2305 798 2383 rati,
826 2304 907 2372 nihil
929 2305 1091 2371 heberent
1114 2307 1202 2370 auti-

109 2407 226 2491 quius,
240 2424 343 2488 quum
358 2411 395 2471 ut
408 2403 557 2475 Curtium
571 2412 717 2473 nostrum
732 2406 906 2473 ciceronis
919 2411 1105 2471 maererent
1117 2413 1202 2471 teme

110 2507 263 2589 poribus,
276 2512 320 2584 et,
333 2506 485 2588 neglectu
498 2524 635 2589 prorsus
649 2506 761 2589 ipsius
775 2504 884 2571 Curtii
896 2506 1119 2590 professione,
1141 2506 1201 2572 lile

111 2620 150 2671 x.
169 2606 204 2673 9.
218 2605 252 2671 d
274 2604 413 2675 cundem
435 2606 528 2673 illum
551 2624 627 2673 esse
650 2610 875 2683 autumarent,
897 2624 998 2689 quem
1016 2603 1135 2671 Cicero
1154 2606 1203 2672 ad

112 2702 276 2783 Quintum
290 2705 422 2773 tratrem
436 2706 496 2773 lib.
512 2722 568 2771 ιιι.
584 2704 648 2789 Ep.
662 2705 695 2770 2.
708 2705 825 2771 laudm
838 2706 981 2771 ‘bouum
994 2712 1029 2771 et
1038 2706 1203 2773 eruditum

112 2806 380 2873 recessuram:
422 2806 489 2874 Sed
501 2824 553 2884 ee,
573 2825 649 2891 quae
663 2806 819 2874 universe
831 2807 875 2883 de
889 2806 995 2875 curtii
1008 2812 1107 2875 etete
1121 2824 1202 2874 eou-

112 2906 237 2979 firmari
249 2924 349 2991 pone
364 2904 525 2984 videntur,
545 2912 580 2973 et
599 2924 677 2991 qnae
689 2906 813 2974 talibus
825 2906 1021 2991 opinionum
1034 2925 1202 2976 commen·

112 3010 158 3075 tis
172 3026 309 3091 prorsus
321 3008 549 3085 reverentur,
570 3005 645 3077 neec
667 3005 736 3071 iere
759 3014 857 3072 suut:
879 3005 1027 3075 Primum
1049 3014 1129 3089 pust
1143 3007 1202 3073 In·-

109 3110 205 3175 rium
218 3108 323 3189 rixit3
344 3126 421 3177 nem
441 3106 591 3175 Curtium
614 3106 900 3177 studiosissimum
913 3108 989 3192 rjus
1002 3108 1203 3175 imitatorem

110 3210 230 3287 tuisse,
249 3209 428 3281 nanneno
442 3214 593 3293 apparet,
614 3208 716 3292 idque
730 3207 818 3275 intra
828 3206 941 3275 fusius
954 3207 1203 3289 demonstrabo.

111 3310 247 3381 Deinde
269 3312 370 3381 etiem
395 3316 476 3394 post
502 3308 746 3389 Quintilianum
772 3308 910 3393 nupsit
933 3307 1080 3375 Curtius.
1135 3304 1203 3377 Ille

110 3411 203 3481 euim
217 3413 251 3483 in
264 3412 458 3481 rocmeioue
471 3410 617 3479 omnium
642 3407 954 3493 scnptorom,loctu
972 3407 1145 3491 dignorum
1160 3426 1203 3476 ac

104 3514 277 3599 juventuti
298 3513 461 3579 studiosae
484 3512 832 3590 commendandorum,
857 3510 969 3575 Iustit.
982 3507 1088 3573 ¹Orat.
1110 3524 1150 3571 x.
1169 3508 1202 3570 1.

110 3614 221 3681 Curtii
234 3632 356 3679 nomeu
365 3614 518 3678 omittere
532 3612 685 3695 proiecto
695 3629 761 3676 uon
775 3610 950 3693 potuisset,
960 3610 991 3675 si
1005 3608 1109 3674 modo
1119 3607 1202 3672 Gur-

110 3718 181 3783 tius
207 3720 310 3779 aetate
333 3714 571 3784 antecessisset
595 3711 848 3791 Quintilianum.
891 3710 1012 3797 lteqne
1036 3709 1201 3795 probandi

109 3817 231 3903 potius
246 3822 323 3881 suut
340 3814 412 3892 alii,
434 3814 505 3898 qni,
527 3813 636 3897 ipsius
657 3812 765 3881 Curtii
788 3813 1044 3879 declarationem
1067 3810 1203 3875 minime

110 3916 346 4000 negligendam
370 3934 447 3981 osee
471 3916 547 3991 rati,
575 3915 663 3979 locis
686 3914 817 3980 duobus
843 3913 1014 3980 curtinum
1039 3910 1202 3976 Historiae

110 4020 168 4085 usi
196 4023 287 4095 suut,
307 4016 350 4081 ed
373 4016 593 4085 deliniendam
616 4022 753 4083 retatom
773 4016 930 4083 auctoris.
974 4014 1100 4080 Verum
1113 4013 1202 4079 onim

109 4134 196 4187 roro
210 4125 244 4183 ct
257 4116 309 4182 his
324 4116 409 4183 adeo
421 4117 504 4201 uilril
525 4122 698 4200 concepte
721 4126 845 4187 temero
870 4118 944 4201 spei
967 4115 1144 4191 successit,
1164 4120 1203 4178 ut
