2925 4867
368 982 668 1052 ILLUS'I'RIUM
691 988 924 1058 VIRORUM

460 1234 833 1331 JUDICIA

295 1524 379 1602 DE
440 1528 690 1615 QUINTO
751 1532 1013 1609 CURTIO·

496 1786 798 1799 --—-—

182 2000 325 2069 Antonii
348 2002 549 2071 Panormitae
571 2006 605 2069 in
629 2004 779 2071 Facetiis
801 2005 969 2091 Alpbonsi
991 2006 1109 2091 Regis.

137 2140 384 2205 &nonanus
400 2139 479 2205 Rex
494 2139 634 2227 Capuae,
658 2150 693 2207 et
707 2141 804 2209 multi
818 2141 927 2208 multa
941 2161 1004 2225 pro
1020 2161 1083 2207 suo
1099 2145 1192 2227 quis-

99 2260 162 2323 que
178 2241 312 2323 ingenio
331 2259 372 2305 ao
394 2240 507 2307 studio
528 2243 771 2308 oblectamenta
790 2262 831 2307 ac
847 2262 986 2307 munera
1001 2263 1091 2327 aegro
1106 2243 1194 2327 Regi

99 2362 175 2407 cum
190 2342 433 2425 excogitarent,
448 2362 510 2425 ego
533 2363 670 2427 quoque
685 2363 730 2409 ex
746 2342 865 2409 Caieta
879 2346 1064 2411 accersitus
1079 2346 1195 2410 statim

97 2444 265 2520 advolavi,
279 2443 429 2511 deserens
444 2452 480 2509 et
494 2446 710 2529 ipsemecum
725 2446 873 2512 tomenta
882 2451 915 2511 et
924 2446 1073 2513 medelas
1088 2466 1193 2524 meas,

96 2546 162 2611 boo
176 2552 230 2611 est
243 2546 385 2625 libellos,
407 2565 495 2631 quos
517 2546 741 2631 intelligebam
764 2549 813 2614 illi
838 2568 938 2632 quarn
953 2549 1102 2614 maxime
1119 2550 1193 2633 pla-

95 2648 235 2725 cituros,
250 2648 286 2711 in
302 2647 425 2730 quibus
448 2646 493 2727 Q.
517 2649 682 2729 Curtium,
704 2651 805 2717 bonis
823 2649 879 2736 (ut
900 2646 1010 2734 aiunt)
1031 2653 1195 2735 auspiciis

96 2747 336 2826 exhibendum,
350 2748 500 2817 exhibui.

174 2930 230 2996 ex
247 2930 485 2997 nannoromaer
502 2930 644 2997 norme
661 2914 815 3015 Epatola
829 2930 947 2997 onero
963 2933 1113 3016 prema.
1244 2924 1257 2941 ·

134 3064 227 3129 Turn
256 3063 299 3129 de
329 3064 547 3148 imperatoria
566 3066 688 3131 virtute
714 3064 801 3130 ultro
823 3066 974 3148 citroque
996 3066 1101 3130 multu
1123 3084 1192 3127 ver·

91 3166 137 3231 ba
176 3166 330 3231 fecimus.
387 3164 686 3251 Alexandrumque
723 3166 820 3231 illum
858 3165 1097 3245 Macedonem,
1133 3166 1194 3250 qui

91 3267 224 3333 Rerum
247 3273 410 3351 gestarum
438 3268 546 3350 gloria
567 3268 680 3351 magni
704 3287 886 3349 cognomen
909 3268 976 3333 sibi
999 3268 1193 3343 vindicavit,

84 3369 221 3453 jndicio
237 3368 441 3433 Hannibalis
461 3368 602 3435 ducibus
626 3370 754 3435 cunctis
777 3368 1016 3453 praeterendum
1040 3367 1193 3433 arbitrati

88 3491 222 3537 sumus.
268 3470 441 3556 Siquidem
456 3470 546 3536 ineo
561 3473 664 3537 tuisse
671 3471 870 3555 collegimus
884 3476 1028 3555 quatuor
1041 3470 1102 3535 illa
1114 3488 1193 3553 quae

86 3575 123 3637 in
149 3574 478 3639 consummatissimo
503 3572 705 3655 Imperatore
729 3591 798 3637 non
820 3570 1002 3637 desiderari
1027 3572 1193 3654 scripsere

87 3672 363 3757 eloquentissimi
378 3673 461 3754 viri3
486 3673 661 3739 scientiam
687 3674 817 3739 scilicet
838 3673 887 3738 rei
904 3672 1072 3751 militaris,
1087 3672 1193 3735 virtu·

87 3782 173 3854 tem,
190 3776 437 3853 auctoritatem,
460 3794 500 3840 ac
513 3776 722 3841 felicitatem.
766 3775 921 3858 Cumque
935 3775 1012 3859 ejus
1026 3774 1099 3839 Res
1113 3792 1191 3857 ges-

87 3886 145 3943 tas
160 3898 184 3943 a
200 3875 245 3956 Q.
261 3875 378 3941 Curtio
393 3876 640 3959 elegantissime
662 3878 869 3962 conscriptas
884 3877 944 3941 tibi
967 3876 1112 3941 breviter
1132 3895 1192 3940 ex-

87 3979 298 4061 posuissem,
321 3980 480 4043 exarsisti
504 3979 692 4045 incredibili
715 3979 860 4063 quadam
883 3977 1044 4063 cupidine
1058 3977 1192 4061 legendi

88 4080 350 4147 luculentissimi
365 4080 550 4164 Scriptoris
565 4080 766 4148 Historiam.
809 4080 964 4146 Ceterum
982 4078 1140 4163 quoniam
1156 4080 1192 4142 in

90 4200 135 4246 eo
151 4182 231 4249 loca
245 4184 352 4249 multu
373 4182 557 4268 depravata
579 4182 782 4260 offenderas,
808 4180 983 4266 injunxisti
997 4188 1035 4248 tu
1048 4180 1142 4259 mihi,
1156 4184 1194 4245 ut

157 4300 277 4364 Dolabel
293 4302 351 4352 Vor-
362 4298 427 4349 Clas.
596 4298 627 4353 Q.
641 4300 711 4349 corr.
1099 4295 1124 4343 l)
