<?xml version="1.0" encoding="UTF-8"?>
<!DOCTYPE html PUBLIC "-//W3C//DTD XHTML 1.0 Transitional//EN"
    "http://www.w3.org/TR/xhtml1/DTD/xhtml1-transitional.dtd">
<html xmlns="http://www.w3.org/1999/xhtml" xml:lang="en" lang="en">
 <head>
  <title>
</title>
<meta http-equiv="Content-Type" content="text/html;charset=utf-8" />
  <meta name='ocr-system' content='tesseract 3.04.00' />
  <meta name='ocr-capabilities' content='ocr_page ocr_carea ocr_par ocr_line ocrx_word'/>
</head>
<body>
  <div class='ocr_page' id='page_1' title='image "./quinticurtiiruf00rufugoog_0442.png"; bbox 0 0 2925 4867; ppageno 0'>
   <div class='ocr_carea' id='block_1_1' title="bbox 252 400 1122 479">
    <p class='ocr_par' dir='ltr' id='par_1_1' title="bbox 252 400 1122 479">
     <span class='ocr_line' id='line_1_1' title="bbox 252 400 1122 479; baseline -0.005 -14"><span class='ocrx_word' id='word_1_1' title='bbox 252 402 319 465; x_wconf 81' lang='grc'><strong>406</strong></span> <span class='ocrx_word' id='word_1_2' title='bbox 482 419 516 479; x_wconf 83' lang='lat' dir='ltr'><strong>o.</strong></span> <span class='ocrx_word' id='word_1_3' title='bbox 540 414 671 465; x_wconf 81' lang='lat' dir='ltr'><strong>oosnn</strong></span> <span class='ocrx_word' id='word_1_4' title='bbox 695 416 784 466; x_wconf 78' lang='lat' dir='ltr'><strong>auur</strong></span> <span class='ocrx_word' id='word_1_5' title='bbox 812 416 882 465; x_wconf 79' lang='lat' dir='ltr'><strong>urs.</strong></span> <span class='ocrx_word' id='word_1_6' title='bbox 905 416 940 464; x_wconf 83' lang='lat' dir='ltr'><strong>v.</strong></span> <span class='ocrx_word' id='word_1_7' title='bbox 962 410 1046 465; x_wconf 76' lang='lat' dir='ltr'><strong>oar.</strong></span> <span class='ocrx_word' id='word_1_8' title='bbox 1069 400 1122 465; x_wconf 92' lang='lat'><strong>11.</strong></span> 
     </span>
    </p>
   </div>
   <div class='ocr_carea' id='block_1_2' title="bbox 251 560 1347 1150">
    <p class='ocr_par' dir='ltr' id='par_1_2' title="bbox 251 560 1347 948">
     <span class='ocr_line' id='line_1_2' title="bbox 251 560 1342 645; baseline -0.004 -21"><span class='ocrx_word' id='word_1_9' title='bbox 251 560 329 624; x_wconf 85' lang='lat' dir='ltr'><strong>dcrn</strong></span> <span class='ocrx_word' id='word_1_10' title='bbox 343 560 481 643; x_wconf 77' lang='lat' dir='ltr'><strong>cogitati</strong></span> <span class='ocrx_word' id='word_1_11' title='bbox 494 560 634 627; x_wconf 85' lang='lat' dir='ltr'><strong>socieris</strong></span> <span class='ocrx_word' id='word_1_12' title='bbox 649 562 820 645; x_wconf 82' lang='lat' dir='ltr'><strong>poenituit,</strong></span> <span class='ocrx_word' id='word_1_13' title='bbox 834 579 911 627; x_wconf 88' lang='lat' dir='ltr'><strong>cum</strong></span> <span class='ocrx_word' id='word_1_14' title='bbox 925 562 1142 637; x_wconf 84' lang='lat' dir='ltr'><strong>intuerentur,</strong></span> <span class='ocrx_word' id='word_1_15' title='bbox 1158 560 1292 643; x_wconf 86' lang='lat' dir='ltr'><strong>qualem</strong></span> <span class='ocrx_word' id='word_1_16' title='bbox 1311 560 1342 621; x_wconf 85' lang='lat' dir='ltr'><strong>et</strong></span> 
     </span>
     <span class='ocr_line' id='line_1_3' title="bbox 252 658 1345 747; baseline -0.002 -21"><span class='ocrx_word' id='word_1_17' title='bbox 252 680 362 744; x_wconf 81' lang='lat' dir='ltr'><strong>regem</strong></span> <span class='ocrx_word' id='word_1_18' title='bbox 384 666 419 727; x_wconf 92' lang='lat' dir='ltr'><strong>et</strong></span> <span class='ocrx_word' id='word_1_19' title='bbox 441 664 545 727; x_wconf 81' lang='lat' dir='ltr'><strong>viram</strong></span> <span class='ocrx_word' id='word_1_20' title='bbox 574 663 737 729; x_wconf 78' lang='lat' dir='ltr'><strong>fallerent</strong></span> <span class='ocrx_word' id='word_1_21' title='bbox 782 662 846 729; x_wconf 85' lang='lat' dir='ltr'><strong>Ille</strong></span> <span class='ocrx_word' id='word_1_22' title='bbox 872 662 1005 747; x_wconf 90' lang='lat' dir='ltr'><strong>quidem</strong></span> <span class='ocrx_word' id='word_1_23' title='bbox 1031 682 1171 728; x_wconf 87' lang='lat' dir='ltr'><strong>securus</strong></span> <span class='ocrx_word' id='word_1_24' title='bbox 1194 658 1345 745; x_wconf 83' lang='lat' dir='ltr'><strong>periculi,</strong></span> 
     </span>
     <span class='ocr_line' id='line_1_4' title="bbox 253 760 1347 850; baseline -0.003 -23"><span class='ocrx_word' id='word_1_25' title='bbox 253 762 344 847; x_wconf 93' lang='lat' dir='ltr'><strong>quod</strong></span> <span class='ocrx_word' id='word_1_26' title='bbox 359 765 517 843; x_wconf 85' lang='lat' dir='ltr'><strong>instabat,</strong></span> <span class='ocrx_word' id='word_1_27' title='bbox 533 764 717 830; x_wconf 81' lang='lat' dir='ltr'><strong>Alexandri</strong></span> <span class='ocrx_word' id='word_1_28' title='bbox 740 784 868 845; x_wconf 86' lang='lat' dir='ltr'><strong>manus,</strong></span> <span class='ocrx_word' id='word_1_29' title='bbox 883 782 968 850; x_wconf 88' lang='lat' dir='ltr'><strong>quas</strong></span> <span class='ocrx_word' id='word_1_30' title='bbox 984 765 1079 830; x_wconf 88' lang='lat' dir='ltr'><strong>solas</strong></span> <span class='ocrx_word' id='word_1_31' title='bbox 1103 764 1255 840; x_wconf 80' lang='lat' dir='ltr'><strong>timebat,</strong></span> <span class='ocrx_word' id='word_1_32' title='bbox 1271 760 1347 825; x_wconf 83' lang='lat' dir='ltr'><strong>etin·</strong></span> 
     </span>
     <span class='ocr_line' id='line_1_5' title="bbox 254 866 577 948; baseline 0.003 -20"><span class='ocrx_word' id='word_1_33' title='bbox 254 882 331 945; x_wconf 77' lang='lat' dir='ltr'><strong>gere</strong></span> <span class='ocrx_word' id='word_1_34' title='bbox 346 866 577 948; x_wconf 68' lang='lat' dir='ltr'><strong>properabat</strong></span> 
     </span>
    </p>

    <p class='ocr_par' dir='ltr' id='par_1_3' title="bbox 254 964 1347 1150">
     <span class='ocr_line' id='line_1_6' title="bbox 265 964 1347 1049; baseline 0.001 -22"><span class='ocrx_word' id='word_1_35' title='bbox 265 996 271 1011; x_wconf 88' lang='lat'><strong>·</strong></span> <span class='ocrx_word' id='word_1_36' title='bbox 298 980 353 1030; x_wconf 74' lang='grc' dir='ltr'><strong>ιιι.</strong></span> <span class='ocrx_word' id='word_1_37' title='bbox 374 966 408 1030; x_wconf 90' lang='lat' dir='ltr'><strong>l.</strong></span> <span class='ocrx_word' id='word_1_38' title='bbox 446 965 573 1031; x_wconf 87' lang='lat' dir='ltr'><strong>Patron</strong></span> <span class='ocrx_word' id='word_1_39' title='bbox 600 971 723 1044; x_wconf 64' lang='lat' dir='ltr'><strong>numm,</strong></span> <span class='ocrx_word' id='word_1_40' title='bbox 749 966 947 1032; x_wconf 70' lang='lat' dir='ltr'><strong>Graecorum</strong></span> <span class='ocrx_word' id='word_1_41' title='bbox 972 965 1052 1042; x_wconf 86' lang='lat' dir='ltr'><strong>dux,</strong></span> <span class='ocrx_word' id='word_1_42' title='bbox 1081 964 1245 1049; x_wconf 77' lang='lat' dir='ltr'><strong>praecepit</strong></span> <span class='ocrx_word' id='word_1_43' title='bbox 1267 964 1347 1040; x_wconf 89' lang='lat' dir='ltr'><strong>suis,</strong></span> 
     </span>
     <span class='ocr_line' id='line_1_7' title="bbox 254 1056 1347 1150; baseline -0.002 -20"><span class='ocrx_word' id='word_1_44' title='bbox 254 1070 311 1131; x_wconf 84' lang='lat' dir='ltr'><strong>‘nt</strong></span> <span class='ocrx_word' id='word_1_45' title='bbox 324 1086 430 1144; x_wconf 82' lang='lat' dir='ltr'><strong>arma,</strong></span> <span class='ocrx_word' id='word_1_46' title='bbox 445 1086 523 1150; x_wconf 78' lang='lat' dir='ltr'><strong>qntc</strong></span> <span class='ocrx_word' id='word_1_47' title='bbox 538 1069 574 1133; x_wconf 89' lang='lat' dir='ltr'><strong>in</strong></span> <span class='ocrx_word' id='word_1_48' title='bbox 589 1068 729 1133; x_wconf 85' lang='lat' dir='ltr'><strong>sarcinis</strong></span> <span class='ocrx_word' id='word_1_49' title='bbox 752 1076 852 1133; x_wconf 79' lang='lat' dir='ltr'><strong>antee</strong></span> <span class='ocrx_word' id='word_1_50' title='bbox 872 1056 1076 1146; x_wconf 73' lang='lat' dir='ltr'><strong>serebantur,</strong></span> <span class='ocrx_word' id='word_1_51' title='bbox 1089 1065 1283 1142; x_wconf 88' lang='lat' dir='ltr'><strong>induerent,</strong></span> <span class='ocrx_word' id='word_1_52' title='bbox 1306 1064 1347 1128; x_wconf 80' lang='lat' dir='ltr'><strong>ad</strong></span> 
     </span>
    </p>
   </div>
   <div class='ocr_carea' id='block_1_3' title="bbox 253 1166 1355 2975">
    <p class='ocr_par' dir='ltr' id='par_1_4' title="bbox 253 1166 1355 2975">
     <span class='ocr_line' id='line_1_8' title="bbox 255 1166 1349 1253; baseline -0.003 -20"><span class='ocrx_word' id='word_1_53' title='bbox 255 1168 543 1251; x_wconf 86' lang='lat' dir='ltr'><strong>omneimperinm</strong></span> <span class='ocrx_word' id='word_1_54' title='bbox 566 1188 664 1234; x_wconf 84' lang='lat' dir='ltr'><strong>suum</strong></span> <span class='ocrx_word' id='word_1_55' title='bbox 688 1170 799 1253; x_wconf 88' lang='lat' dir='ltr'><strong>parati</strong></span> <span class='ocrx_word' id='word_1_56' title='bbox 821 1176 857 1233; x_wconf 83' lang='lat' dir='ltr'><strong>ct</strong></span> <span class='ocrx_word' id='word_1_57' title='bbox 882 1166 1020 1234; x_wconf 68' lang='lat' dir='ltr'><strong>intenti!</strong></span> <span class='ocrx_word' id='word_1_58' title='bbox 1061 1168 1094 1233; x_wconf 75' lang='lat'><strong>2.</strong></span> <span class='ocrx_word' id='word_1_59' title='bbox 1119 1167 1198 1252; x_wconf 83' lang='lat' dir='ltr'><strong>Ipso</strong></span> <span class='ocrx_word' id='word_1_60' title='bbox 1220 1186 1349 1231; x_wconf 91' lang='lat' dir='ltr'><strong>currum</strong></span> 
     </span>
     <span class='ocr_line' id='line_1_9' title="bbox 253 1268 1348 1352; baseline -0.003 -19"><span class='ocrx_word' id='word_1_61' title='bbox 253 1268 340 1351; x_wconf 81' lang='lat' dir='ltr'><strong>regis</strong></span> <span class='ocrx_word' id='word_1_62' title='bbox 368 1270 582 1351; x_wconf 76' lang='lat' dir='ltr'><strong>sequebatur,</strong></span> <span class='ocrx_word' id='word_1_63' title='bbox 618 1270 792 1336; x_wconf 89' lang='lat' dir='ltr'><strong>occasioni</strong></span> <span class='ocrx_word' id='word_1_64' title='bbox 820 1270 997 1335; x_wconf 78' lang='lat' dir='ltr'><strong>imminens</strong></span> <span class='ocrx_word' id='word_1_65' title='bbox 1026 1268 1221 1352; x_wconf 86' lang='lat' dir='ltr'><strong>alloquendi</strong></span> <span class='ocrx_word' id='word_1_66' title='bbox 1253 1286 1348 1332; x_wconf 87' lang='lat' dir='ltr'><strong>enm:</strong></span> 
     </span>
     <span class='ocr_line' id='line_1_10' title="bbox 253 1369 1350 1457; baseline -0.002 -23"><span class='ocrx_word' id='word_1_67' title='bbox 253 1372 382 1454; x_wconf 87' lang='lat' dir='ltr'><strong>quippe</strong></span> <span class='ocrx_word' id='word_1_68' title='bbox 407 1372 507 1435; x_wconf 88' lang='lat' dir='ltr'><strong>Bassi</strong></span> <span class='ocrx_word' id='word_1_69' title='bbox 529 1372 656 1436; x_wconf 78' lang='lat' dir='ltr'><strong>facinus</strong></span> <span class='ocrx_word' id='word_1_70' title='bbox 674 1379 916 1457; x_wconf 72' lang='lat' dir='ltr'><strong>praesenserat:</strong></span> <span class='ocrx_word' id='word_1_71' title='bbox 939 1372 999 1437; x_wconf 89' lang='lat' dir='ltr'><strong>sed</strong></span> <span class='ocrx_word' id='word_1_72' title='bbox 1020 1371 1164 1448; x_wconf 83' lang='lat' dir='ltr'><strong>Bessus,</strong></span> <span class='ocrx_word' id='word_1_73' title='bbox 1179 1369 1217 1433; x_wconf 91' lang='lat' dir='ltr'><strong>id</strong></span> <span class='ocrx_word' id='word_1_74' title='bbox 1238 1370 1350 1455; x_wconf 89' lang='lat' dir='ltr'><strong>ipsum</strong></span> 
     </span>
     <span class='ocr_line' id='line_1_11' title="bbox 253 1471 1350 1557; baseline 0.001 -23"><span class='ocrx_word' id='word_1_75' title='bbox 253 1479 415 1550; x_wconf 86' lang='lat' dir='ltr'><strong>metuens,</strong></span> <span class='ocrx_word' id='word_1_76' title='bbox 442 1480 554 1538; x_wconf 90' lang='lat' dir='ltr'><strong>custos</strong></span> <span class='ocrx_word' id='word_1_77' title='bbox 575 1475 698 1551; x_wconf 84' lang='lat' dir='ltr'><strong>verius,</strong></span> <span class='ocrx_word' id='word_1_78' title='bbox 713 1494 816 1557; x_wconf 89' lang='lat' dir='ltr'><strong>quarn</strong></span> <span class='ocrx_word' id='word_1_79' title='bbox 830 1492 957 1552; x_wconf 87' lang='lat' dir='ltr'><strong>eomes,</strong></span> <span class='ocrx_word' id='word_1_80' title='bbox 980 1492 1112 1538; x_wconf 87' lang='lat' dir='ltr'><strong>acurru</strong></span> <span class='ocrx_word' id='word_1_81' title='bbox 1134 1490 1200 1535; x_wconf 90' lang='lat' dir='ltr'><strong>uon</strong></span> <span class='ocrx_word' id='word_1_82' title='bbox 1215 1471 1350 1536; x_wconf 87' lang='lat' dir='ltr'><strong>recede-</strong></span> 
     </span>
     <span class='ocr_line' id='line_1_12' title="bbox 253 1572 1351 1657; baseline -0.001 -20"><span class='ocrx_word' id='word_1_83' title='bbox 253 1573 321 1637; x_wconf 84' lang='lat' dir='ltr'><strong>bat</strong></span> <span class='ocrx_word' id='word_1_84' title='bbox 364 1572 399 1637; x_wconf 80' lang='lat'><strong>8.</strong></span> <span class='ocrx_word' id='word_1_85' title='bbox 423 1572 493 1639; x_wconf 87' lang='lat' dir='ltr'><strong>Dio</strong></span> <span class='ocrx_word' id='word_1_86' title='bbox 518 1594 597 1657; x_wconf 80' lang='lat' dir='ltr'><strong>crgo</strong></span> <span class='ocrx_word' id='word_1_87' title='bbox 622 1575 749 1641; x_wconf 83' lang='lat' dir='ltr'><strong>Patron</strong></span> <span class='ocrx_word' id='word_1_88' title='bbox 773 1582 964 1654; x_wconf 88' lang='lat' dir='ltr'><strong>cunctatus,</strong></span> <span class='ocrx_word' id='word_1_89' title='bbox 988 1594 1029 1640; x_wconf 90' lang='lat' dir='ltr'><strong>ac</strong></span> <span class='ocrx_word' id='word_1_90' title='bbox 1051 1574 1180 1657; x_wconf 84' lang='lat' dir='ltr'><strong>saepius</strong></span> <span class='ocrx_word' id='word_1_91' title='bbox 1196 1592 1351 1638; x_wconf 87' lang='lat' dir='ltr'><strong>sermone</strong></span> 
     </span>
     <span class='ocr_line' id='line_1_13' title="bbox 253 1674 1352 1761; baseline 0.002 -25"><span class='ocrx_word' id='word_1_92' title='bbox 253 1681 441 1751; x_wconf 67' lang='lat' dir='ltr'><strong>revocato:</strong></span> <span class='ocrx_word' id='word_1_93' title='bbox 455 1674 544 1739; x_wconf 89' lang='lat' dir='ltr'><strong>inter</strong></span> <span class='ocrx_word' id='word_1_94' title='bbox 557 1674 656 1740; x_wconf 86' lang='lat' dir='ltr'><strong>fidem</strong></span> <span class='ocrx_word' id='word_1_95' title='bbox 681 1676 900 1761; x_wconf 84' lang='lat' dir='ltr'><strong>timoremque</strong></span> <span class='ocrx_word' id='word_1_96' title='bbox 928 1675 1103 1755; x_wconf 76' lang='lat' dir='ltr'><strong>haesitans,</strong></span> <span class='ocrx_word' id='word_1_97' title='bbox 1117 1694 1228 1758; x_wconf 76' lang='lat' dir='ltr'><strong>regem</strong></span> <span class='ocrx_word' id='word_1_98' title='bbox 1244 1676 1352 1739; x_wconf 84' lang='lat' dir='ltr'><strong>iutue-</strong></span> 
     </span>
     <span class='ocr_line' id='line_1_14' title="bbox 253 1775 1352 1860; baseline 0.004 -23"><span class='ocrx_word' id='word_1_99' title='bbox 253 1775 374 1839; x_wconf 86' lang='lat' dir='ltr'><strong>batur:</strong></span> <span class='ocrx_word' id='word_1_100' title='bbox 399 1778 432 1840; x_wconf 77' lang='lat'><strong>4.</strong></span> <span class='ocrx_word' id='word_1_101' title='bbox 454 1775 565 1859; x_wconf 90' lang='lat' dir='ltr'><strong>quint</strong></span> <span class='ocrx_word' id='word_1_102' title='bbox 580 1775 716 1840; x_wconf 87' lang='lat' dir='ltr'><strong>taudem</strong></span> <span class='ocrx_word' id='word_1_103' title='bbox 731 1777 1018 1855; x_wconf 85' lang='lat' dir='ltr'><strong>advertitocuios‚</strong></span> <span class='ocrx_word' id='word_1_104' title='bbox 1041 1778 1205 1843; x_wconf 79' lang='lat' dir='ltr'><strong>Bubacen</strong></span> <span class='ocrx_word' id='word_1_105' title='bbox 1225 1775 1352 1860; x_wconf 83' lang='lat' dir='ltr'><strong>spedo-</strong></span> 
     </span>
     <span class='ocr_line' id='line_1_15' title="bbox 256 1876 1352 1965; baseline 0.003 -27"><span class='ocrx_word' id='word_1_106' title='bbox 256 1894 330 1939; x_wconf 88' lang='lat' dir='ltr'><strong>nem</strong></span> <span class='ocrx_word' id='word_1_107' title='bbox 347 1877 435 1942; x_wconf 87' lang='lat' dir='ltr'><strong>inter</strong></span> <span class='ocrx_word' id='word_1_108' title='bbox 449 1876 620 1961; x_wconf 81' lang='lat' dir='ltr'><strong>proximos</strong></span> <span class='ocrx_word' id='word_1_109' title='bbox 634 1898 764 1943; x_wconf 88' lang='lat' dir='ltr'><strong>currum</strong></span> <span class='ocrx_word' id='word_1_110' title='bbox 780 1884 972 1965; x_wconf 85' lang='lat' dir='ltr'><strong>sequentem</strong></span> <span class='ocrx_word' id='word_1_111' title='bbox 987 1884 998 1913; x_wconf 87' lang='lat'>‘</span> <span class='ocrx_word' id='word_1_112' title='bbox 1019 1880 1228 1964; x_wconf 83' lang='lat' dir='ltr'><strong>percontari’</strong></span> <span class='ocrx_word' id='word_1_113' title='bbox 1244 1879 1352 1962; x_wconf 84' lang='lat' dir='ltr'><strong>jubet,</strong></span> 
     </span>
     <span class='ocr_line' id='line_1_16' title="bbox 253 1977 1352 2061; baseline 0.003 -21"><span class='ocrx_word' id='word_1_114' title='bbox 253 1978 437 2060; x_wconf 82' lang='lat' dir='ltr'><strong>‘numquid</strong></span> <span class='ocrx_word' id='word_1_115' title='bbox 454 1978 520 2061; x_wconf 90' lang='lat' dir='ltr'><strong>ipsi</strong></span> <span class='ocrx_word' id='word_1_116' title='bbox 535 1979 614 2043; x_wconf 83' lang='lat' dir='ltr'><strong>velit</strong></span> <span class='ocrx_word' id='word_1_117' title='bbox 627 1977 761 2045; x_wconf 70' lang='lat' dir='ltr'><strong>dicere!</strong></span> <span class='ocrx_word' id='word_1_118' title='bbox 800 1981 940 2059; x_wconf 87' lang='lat' dir='ltr'><strong>Patron,</strong></span> <span class='ocrx_word' id='word_1_119' title='bbox 956 1988 1015 2045; x_wconf 88' lang='lat' dir='ltr'><strong>‘se</strong></span> <span class='ocrx_word' id='word_1_120' title='bbox 1031 2000 1124 2057; x_wconf 84' lang='lat' dir='ltr'><strong>vero,</strong></span> <span class='ocrx_word' id='word_1_121' title='bbox 1139 1980 1199 2045; x_wconf 81' lang='lat' dir='ltr'><strong>sad</strong></span> <span class='ocrx_word' id='word_1_122' title='bbox 1216 1982 1352 2045; x_wconf 86' lang='lat' dir='ltr'><strong>remotis</strong></span> 
     </span>
     <span class='ocr_line' id='line_1_17' title="bbox 254 2078 1352 2168; baseline 0.002 -25"><span class='ocrx_word' id='word_1_123' title='bbox 254 2078 400 2155; x_wconf 85' lang='lat' dir='ltr'><strong>arbitris,</strong></span> <span class='ocrx_word' id='word_1_124' title='bbox 422 2078 515 2163; x_wconf 88' lang='lat' dir='ltr'><strong>loqui</strong></span> <span class='ocrx_word' id='word_1_125' title='bbox 531 2080 620 2147; x_wconf 81' lang='lat' dir='ltr'><strong>velle</strong></span> <span class='ocrx_word' id='word_1_126' title='bbox 635 2100 713 2146; x_wconf 89' lang='lat' dir='ltr'><strong>curn</strong></span> <span class='ocrx_word' id='word_1_127' title='bbox 728 2082 789 2148; x_wconf 85' lang='lat' dir='ltr'><strong>eo&#39;</strong></span> <span class='ocrx_word' id='word_1_128' title='bbox 811 2083 992 2168; x_wconf 82' lang='lat' dir='ltr'><strong>respondit.</strong></span> <span class='ocrx_word' id='word_1_129' title='bbox 1036 2082 1231 2165; x_wconf 69' lang='lat' dir='ltr'><strong>iussusque</strong></span> <span class='ocrx_word' id='word_1_130' title='bbox 1252 2087 1352 2167; x_wconf 88' lang='lat' dir='ltr'><strong>‘pro-</strong></span> 
     </span>
     <span class='ocr_line' id='line_1_18' title="bbox 253 2179 1351 2268; baseline 0.005 -24"><span class='ocrx_word' id='word_1_131' title='bbox 253 2181 333 2265; x_wconf 89' lang='lat' dir='ltr'><strong>pios</strong></span> <span class='ocrx_word' id='word_1_132' title='bbox 357 2179 539 2257; x_wconf 85' lang='lat' dir='ltr'><strong>accedere,’</strong></span> <span class='ocrx_word' id='word_1_133' title='bbox 560 2182 632 2246; x_wconf 87' lang='lat' dir='ltr'><strong>sinc</strong></span> <span class='ocrx_word' id='word_1_134' title='bbox 655 2184 844 2267; x_wconf 80' lang='lat' dir='ltr'><strong>interprete,</strong></span> <span class='ocrx_word' id='word_1_135' title='bbox 872 2184 965 2268; x_wconf 86' lang='lat' dir='ltr'><strong>(num</strong></span> <span class='ocrx_word' id='word_1_136' title='bbox 986 2184 1075 2249; x_wconf 86' lang='lat' dir='ltr'><strong>haud</strong></span> <span class='ocrx_word' id='word_1_137' title='bbox 1100 2184 1192 2248; x_wconf 82' lang='lat' dir='ltr'><strong>rudis</strong></span> <span class='ocrx_word' id='word_1_138' title='bbox 1218 2182 1351 2249; x_wconf 53' lang='grc' dir='ltr'><strong>(ἔπειτα</strong></span> 
     </span>
     <span class='ocr_line' id='line_1_19' title="bbox 253 2282 1351 2370; baseline 0 -23"><span class='ocrx_word' id='word_1_139' title='bbox 253 2285 374 2365; x_wconf 82' lang='lat' dir='ltr'><strong>liuguae</strong></span> <span class='ocrx_word' id='word_1_140' title='bbox 389 2284 513 2348; x_wconf 86' lang='lat' dir='ltr'><strong>Darius</strong></span> <span class='ocrx_word' id='word_1_141' title='bbox 526 2282 625 2368; x_wconf 70' lang='lat' dir='ltr'><strong>erat)</strong></span> <span class='ocrx_word' id='word_1_142' title='bbox 647 2288 679 2349; x_wconf 78' lang='lat' dir='ltr'><strong>d.</strong></span> <span class='ocrx_word' id='word_1_143' title='bbox 694 2290 705 2320; x_wconf 90' lang='lat'>‘</span> <span class='ocrx_word' id='word_1_144' title='bbox 719 2284 818 2364; x_wconf 85' lang='lat' dir='ltr'><strong>Rex,&#39;</strong></span> <span class='ocrx_word' id='word_1_145' title='bbox 832 2286 950 2370; x_wconf 88' lang='lat' dir='ltr'><strong>inquit,</strong></span> <span class='ocrx_word' id='word_1_146' title='bbox 963 2293 1028 2351; x_wconf 87' lang='lat' dir='ltr'><strong>‘ex</strong></span> <span class='ocrx_word' id='word_1_147' title='bbox 1045 2302 1077 2350; x_wconf 90' lang='grc' dir='ltr'><strong>ι..</strong></span> <span class='ocrx_word' id='word_1_148' title='bbox 1093 2284 1244 2349; x_wconf 89' lang='lat' dir='ltr'><strong>millibus</strong></span> <span class='ocrx_word' id='word_1_149' title='bbox 1256 2284 1351 2349; x_wconf 77' lang='lat' dir='ltr'><strong>Grae·</strong></span> 
     </span>
     <span class='ocr_line' id='line_1_20' title="bbox 254 2384 1352 2469; baseline -0.001 -20"><span class='ocrx_word' id='word_1_150' title='bbox 254 2402 368 2449; x_wconf 85' lang='lat' dir='ltr'><strong>corum</strong></span> <span class='ocrx_word' id='word_1_151' title='bbox 390 2404 609 2467; x_wconf 87' lang='lat' dir='ltr'><strong>supersumus</strong></span> <span class='ocrx_word' id='word_1_152' title='bbox 632 2387 747 2469; x_wconf 91' lang='lat' dir='ltr'><strong>pauci,</strong></span> <span class='ocrx_word' id='word_1_153' title='bbox 764 2388 873 2451; x_wconf 89' lang='lat' dir='ltr'><strong>omnis</strong></span> <span class='ocrx_word' id='word_1_154' title='bbox 888 2386 1030 2451; x_wconf 73' lang='lat' dir='ltr'><strong>fortunae</strong></span> <span class='ocrx_word' id='word_1_155' title='bbox 1045 2398 1114 2451; x_wconf 71' lang='lat' dir='ltr'><strong>tuae</strong></span> <span class='ocrx_word' id='word_1_156' title='bbox 1129 2384 1294 2463; x_wconf 85' lang='lat' dir='ltr'><strong>comitos;</strong></span> <span class='ocrx_word' id='word_1_157' title='bbox 1316 2393 1352 2448; x_wconf 89' lang='lat' dir='ltr'><strong>et</strong></span> 
     </span>
     <span class='ocr_line' id='line_1_21' title="bbox 253 2484 1352 2570; baseline 0.001 -22"><span class='ocrx_word' id='word_1_158' title='bbox 253 2486 289 2548; x_wconf 91' lang='lat' dir='ltr'><strong>in</strong></span> <span class='ocrx_word' id='word_1_159' title='bbox 304 2484 366 2549; x_wconf 86' lang='lat' dir='ltr'><strong>hoc</strong></span> <span class='ocrx_word' id='word_1_160' title='bbox 385 2493 445 2550; x_wconf 90' lang='lat' dir='ltr'><strong>too</strong></span> <span class='ocrx_word' id='word_1_161' title='bbox 465 2494 557 2550; x_wconf 86' lang='lat' dir='ltr'><strong>statu</strong></span> <span class='ocrx_word' id='word_1_162' title='bbox 572 2485 685 2565; x_wconf 89' lang='lat' dir='ltr'><strong>iidem,</strong></span> <span class='ocrx_word' id='word_1_163' title='bbox 700 2488 758 2570; x_wconf 91' lang='lat' dir='ltr'><strong>qui</strong></span> <span class='ocrx_word' id='word_1_164' title='bbox 779 2488 919 2552; x_wconf 88' lang='lat' dir='ltr'><strong>florente</strong></span> <span class='ocrx_word' id='word_1_165' title='bbox 940 2494 973 2551; x_wconf 89' lang='lat' dir='ltr'><strong>te</strong></span> <span class='ocrx_word' id='word_1_166' title='bbox 991 2486 1150 2565; x_wconf 51' lang='lat' dir='ltr'><strong>fuimus?</strong></span> <span class='ocrx_word' id='word_1_167' title='bbox 1170 2506 1352 2570; x_wconf 87' lang='lat' dir='ltr'><strong>quascum-</strong></span> 
     </span>
     <span class='ocr_line' id='line_1_22' title="bbox 254 2586 1352 2672; baseline 0 -21"><span class='ocrx_word' id='word_1_168' title='bbox 254 2606 320 2670; x_wconf 87' lang='lat' dir='ltr'><strong>que</strong></span> <span class='ocrx_word' id='word_1_169' title='bbox 341 2586 440 2653; x_wconf 86' lang='lat' dir='ltr'><strong>sedes</strong></span> <span class='ocrx_word' id='word_1_170' title='bbox 454 2587 607 2670; x_wconf 80' lang='lat' dir='ltr'><strong>elegeris,</strong></span> <span class='ocrx_word' id='word_1_171' title='bbox 622 2608 683 2671; x_wconf 92' lang='lat' dir='ltr'><strong>pro</strong></span> <span class='ocrx_word' id='word_1_172' title='bbox 698 2591 811 2672; x_wconf 86' lang='lat' dir='ltr'><strong>patria</strong></span> <span class='ocrx_word' id='word_1_173' title='bbox 824 2597 859 2653; x_wconf 90' lang='lat' dir='ltr'><strong>et</strong></span> <span class='ocrx_word' id='word_1_174' title='bbox 874 2588 1068 2655; x_wconf 84' lang='lat' dir='ltr'><strong>domesticis</strong></span> <span class='ocrx_word' id='word_1_175' title='bbox 1082 2587 1183 2653; x_wconf 84' lang='lat' dir='ltr'><strong>rebus</strong></span> <span class='ocrx_word' id='word_1_176' title='bbox 1205 2588 1352 2670; x_wconf 87' lang='lat' dir='ltr'><strong>petituri.</strong></span> 
     </span>
     <span class='ocr_line' id='line_1_23' title="bbox 254 2688 1352 2775; baseline 0.001 -24"><span class='ocrx_word' id='word_1_177' title='bbox 254 2688 421 2754; x_wconf 71' lang='lat' dir='ltr'><strong>Secundae</strong></span> <span class='ocrx_word' id='word_1_178' title='bbox 441 2689 660 2775; x_wconf 86' lang='lat' dir='ltr'><strong>adversaeque</strong></span> <span class='ocrx_word' id='word_1_179' title='bbox 683 2708 735 2754; x_wconf 86' lang='lat' dir='ltr'><strong>res</strong></span> <span class='ocrx_word' id='word_1_180' title='bbox 759 2696 828 2753; x_wconf 75' lang='lat' dir='ltr'><strong>tuae</strong></span> <span class='ocrx_word' id='word_1_181' title='bbox 855 2688 1056 2771; x_wconf 78' lang='lat' dir='ltr'><strong>copulavere</strong></span> <span class='ocrx_word' id='word_1_182' title='bbox 1075 2706 1137 2752; x_wconf 93' lang='lat' dir='ltr'><strong>nos</strong></span> <span class='ocrx_word' id='word_1_183' title='bbox 1153 2695 1277 2752; x_wconf 88' lang='lat' dir='ltr'><strong>tecum.</strong></span> <span class='ocrx_word' id='word_1_184' title='bbox 1320 2690 1352 2753; x_wconf 86' lang='grc'><strong>6.</strong></span> 
     </span>
     <span class='ocr_line' id='line_1_24' title="bbox 253 2788 1355 2868; baseline 0.001 -15"><span class='ocrx_word' id='word_1_185' title='bbox 253 2789 321 2854; x_wconf 87' lang='lat' dir='ltr'><strong>Per</strong></span> <span class='ocrx_word' id='word_1_186' title='bbox 334 2790 421 2854; x_wconf 86' lang='lat' dir='ltr'><strong>hauc</strong></span> <span class='ocrx_word' id='word_1_187' title='bbox 436 2790 537 2855; x_wconf 85' lang='lat' dir='ltr'><strong>fidem</strong></span> <span class='ocrx_word' id='word_1_188' title='bbox 552 2790 715 2857; x_wconf 90' lang='lat' dir='ltr'><strong>invictam</strong></span> <span class='ocrx_word' id='word_1_189' title='bbox 726 2810 787 2857; x_wconf 91' lang='lat' dir='ltr'><strong>oro</strong></span> <span class='ocrx_word' id='word_1_190' title='bbox 802 2798 835 2857; x_wconf 88' lang='lat' dir='ltr'><strong>et</strong></span> <span class='ocrx_word' id='word_1_191' title='bbox 848 2791 1013 2868; x_wconf 87' lang='lat' dir='ltr'><strong>obtestor,</strong></span> <span class='ocrx_word' id='word_1_192' title='bbox 1029 2790 1064 2854; x_wconf 94' lang='lat' dir='ltr'><strong>in</strong></span> <span class='ocrx_word' id='word_1_193' title='bbox 1086 2788 1210 2853; x_wconf 88' lang='lat' dir='ltr'><strong>nostris</strong></span> <span class='ocrx_word' id='word_1_194' title='bbox 1231 2791 1355 2854; x_wconf 81' lang='lat' dir='ltr'><strong>castris</strong></span> 
     </span>
     <span class='ocr_line' id='line_1_25' title="bbox 254 2888 1354 2975; baseline 0 -20"><span class='ocrx_word' id='word_1_195' title='bbox 254 2891 316 2956; x_wconf 90' lang='lat' dir='ltr'><strong>tibi</strong></span> <span class='ocrx_word' id='word_1_196' title='bbox 340 2891 593 2958; x_wconf 86' lang='lat' dir='ltr'><strong>tabernaculum</strong></span> <span class='ocrx_word' id='word_1_197' title='bbox 616 2900 737 2971; x_wconf 87' lang='lat' dir='ltr'><strong>statne,</strong></span> <span class='ocrx_word' id='word_1_198' title='bbox 758 2912 818 2957; x_wconf 90' lang='lat' dir='ltr'><strong>uos</strong></span> <span class='ocrx_word' id='word_1_199' title='bbox 844 2892 998 2975; x_wconf 88' lang='lat' dir='ltr'><strong>corporis</strong></span> <span class='ocrx_word' id='word_1_200' title='bbox 1021 2890 1070 2955; x_wconf 86' lang='lat' dir='ltr'><strong>tui</strong></span> <span class='ocrx_word' id='word_1_201' title='bbox 1092 2888 1252 2954; x_wconf 85' lang='lat' dir='ltr'><strong>custodes</strong></span> <span class='ocrx_word' id='word_1_202' title='bbox 1277 2909 1354 2955; x_wconf 87' lang='lat' dir='ltr'><strong>csse</strong></span> 
     </span>
    </p>
   </div>
   <div class='ocr_carea' id='block_1_4' title="bbox 284 3106 1289 3174">
    <p class='ocr_par' dir='ltr' id='par_1_5' title="bbox 284 3106 1289 3174">
     <span class='ocr_line' id='line_1_26' title="bbox 284 3106 1289 3174; baseline -0.008 -13"><span class='ocrx_word' id='word_1_203' title='bbox 284 3120 296 3142; x_wconf 89' lang='lat'><em>·</em></span> <span class='ocrx_word' id='word_1_204' title='bbox 311 3109 379 3173; x_wconf 70' lang='lat' dir='ltr'><strong>eope</strong></span> <span class='ocrx_word' id='word_1_205' title='bbox 388 3109 490 3161; x_wconf 61' lang='lat' dir='ltr'><strong>irrfldito</strong></span> <span class='ocrx_word' id='word_1_206' title='bbox 499 3125 554 3159; x_wconf 79' lang='lat' dir='ltr'><strong>uoce</strong></span> <span class='ocrx_word' id='word_1_207' title='bbox 563 3124 615 3161; x_wconf 73' lang='grc' dir='ltr'><strong>ιιιιι.</strong></span> <span class='ocrx_word' id='word_1_208' title='bbox 793 3106 805 3140; x_wconf 71' lang='lat'>⁸</span> <span class='ocrx_word' id='word_1_209' title='bbox 820 3106 954 3174; x_wconf 75' lang='lat' dir='ltr'><strong>AEqaefidi</strong></span> <span class='ocrx_word' id='word_1_210' title='bbox 964 3113 1034 3173; x_wconf 77' lang='lat' dir='ltr'><strong>utque</strong></span> <span class='ocrx_word' id='word_1_211' title='bbox 1044 3106 1168 3157; x_wconf 68' lang='lat' dir='ltr'><strong>extitisses</strong></span> <span class='ocrx_word' id='word_1_212' title='bbox 1177 3106 1289 3168; x_wconf 76' lang='lat' dir='ltr'><strong>trsetirr.</strong></span> 
     </span>
    </p>
   </div>
   <div class='ocr_carea' id='block_1_5' title="bbox 253 3369 1357 3497">
    <p class='ocr_par' dir='ltr' id='par_1_6' title="bbox 253 3369 1357 3497">
     <span class='ocr_line' id='line_1_27' title="bbox 253 3369 1357 3497; baseline -0.003 -14"><span class='ocrx_word' id='word_1_213' title='bbox 253 3369 393 3483; x_wconf 49' lang='lat' dir='ltr'><strong>Lifft‘frtez</strong></span> <span class='ocrx_word' id='word_1_214' title='bbox 430 3402 627 3497; x_wconf 68' lang='lat' dir='ltr'><strong>idotsemper.</strong></span> <span class='ocrx_word' id='word_1_215' title='bbox 661 3428 1147 3494; x_wconf 70' lang='lat' dir='ltr'><strong>Floreat-Voss.LetBoupproecipit</strong></span> <span class='ocrx_word' id='word_1_216' title='bbox 1158 3430 1270 3480; x_wconf 56' lang='lat' dir='ltr'><strong>reim</strong></span> <span class='ocrx_word' id='word_1_217' title='bbox 1287 3430 1357 3481; x_wconf 81' lang='lat' dir='ltr'><strong>dtsr.</strong></span> 
     </span>
    </p>
   </div>
   <div class='ocr_carea' id='block_1_6' title="bbox 251 3494 1358 4348">
    <p class='ocr_par' dir='ltr' id='par_1_7' title="bbox 251 3494 1358 4348">
     <span class='ocr_line' id='line_1_28' title="bbox 252 3494 1358 3559; baseline -0.003 -11"><span class='ocrx_word' id='word_1_218' title='bbox 252 3502 294 3549; x_wconf 80' lang='lat' dir='ltr'><strong>sed</strong></span> <span class='ocrx_word' id='word_1_219' title='bbox 311 3497 346 3546; x_wconf 88' lang='grc' dir='ltr'><strong>Β.</strong></span> <span class='ocrx_word' id='word_1_220' title='bbox 362 3498 439 3559; x_wconf 69' lang='lat' dir='ltr'><strong>iprum</strong></span> <span class='ocrx_word' id='word_1_221' title='bbox 448 3502 561 3558; x_wconf 69' lang='lat' dir='ltr'><strong>ntum,</strong></span> <span class='ocrx_word' id='word_1_222' title='bbox 572 3496 667 3545; x_wconf 82' lang='lat' dir='ltr'><strong>omisso</strong></span> <span class='ocrx_word' id='word_1_223' title='bbox 678 3499 760 3547; x_wconf 67' lang='lat' dir='ltr'><strong>iri-8</strong></span> <span class='ocrx_word' id='word_1_224' title='bbox 778 3496 894 3547; x_wconf 80' lang='lat' dir='ltr'><strong>Florent.</strong></span> <span class='ocrx_word' id='word_1_225' title='bbox 908 3494 981 3545; x_wconf 76' lang='lat' dir='ltr'><strong>Laid.</strong></span> <span class='ocrx_word' id='word_1_226' title='bbox 998 3496 1075 3543; x_wconf 78' lang='lat' dir='ltr'><strong>Voss.</strong></span> <span class='ocrx_word' id='word_1_227' title='bbox 1095 3500 1117 3544; x_wconf 91' lang='lat'><strong>1.</strong></span> <span class='ocrx_word' id='word_1_228' title='bbox 1127 3498 1154 3544; x_wconf 73' lang='lat'><strong>2.</strong></span> <span class='ocrx_word' id='word_1_229' title='bbox 1166 3496 1236 3545; x_wconf 73' lang='lat' dir='ltr'><strong>Dan.</strong></span> <span class='ocrx_word' id='word_1_230' title='bbox 1253 3494 1312 3544; x_wconf 82' lang='lat' dir='ltr'><strong>Pn.</strong></span> <span class='ocrx_word' id='word_1_231' title='bbox 1335 3500 1358 3545; x_wconf 90' lang='grc'><strong>1.</strong></span> 
     </span>
     <span class='ocr_line' id='line_1_29' title="bbox 253 3556 1356 3625; baseline -0.005 -12"><span class='ocrx_word' id='word_1_232' title='bbox 253 3561 305 3613; x_wconf 76' lang='lat' dir='ltr'><strong>nd.</strong></span> <span class='ocrx_word' id='word_1_233' title='bbox 316 3575 356 3625; x_wconf 92' lang='lat' dir='ltr'><strong>pr.</strong></span> <span class='ocrx_word' id='word_1_234' title='bbox 366 3560 472 3611; x_wconf 79' lang='lat' dir='ltr'><strong>Veneta</strong></span> <span class='ocrx_word' id='word_1_235' title='bbox 483 3562 556 3610; x_wconf 84' lang='lat' dir='ltr'><strong>Rom.</strong></span> <span class='ocrx_word' id='word_1_236' title='bbox 569 3559 678 3610; x_wconf 82' lang='lat' dir='ltr'><strong>Medici.</strong></span> <span class='ocrx_word' id='word_1_237' title='bbox 688 3562 750 3611; x_wconf 84' lang='lat' dir='ltr'><strong>Vct.</strong></span> <span class='ocrx_word' id='word_1_238' title='bbox 762 3576 803 3611; x_wconf 85' lang='lat' dir='ltr'><strong>an.</strong></span> <span class='ocrx_word' id='word_1_239' title='bbox 816 3564 888 3613; x_wconf 74' lang='grc'><strong>1474.</strong></span> <span class='ocrx_word' id='word_1_240' title='bbox 899 3561 996 3611; x_wconf 84' lang='lat' dir='ltr'><strong>Veron.</strong></span> <span class='ocrx_word' id='word_1_241' title='bbox 1005 3556 1080 3609; x_wconf 84' lang='lat' dir='ltr'><strong>Junt.</strong></span> <span class='ocrx_word' id='word_1_242' title='bbox 1088 3557 1148 3611; x_wconf 78' lang='lat' dir='ltr'><strong>Aru.</strong></span> <span class='ocrx_word' id='word_1_243' title='bbox 1157 3556 1356 3624; x_wconf 70' lang='lat' dir='ltr'><strong>Colinoryptr.</strong></span> 
     </span>
     <span class='ocr_line' id='line_1_30' title="bbox 253 3622 1358 3685; baseline -0.005 -8"><span class='ocrx_word' id='word_1_244' title='bbox 253 3628 314 3677; x_wconf 65' lang='lat' dir='ltr'><strong>aas</strong></span> <span class='ocrx_word' id='word_1_245' title='bbox 325 3625 382 3676; x_wconf 83' lang='lat' dir='ltr'><strong>Col.</strong></span> <span class='ocrx_word' id='word_1_246' title='bbox 394 3625 470 3677; x_wconf 83' lang='lat' dir='ltr'><strong>Frob.</strong></span> <span class='ocrx_word' id='word_1_247' title='bbox 480 3626 550 3676; x_wconf 80' lang='lat' dir='ltr'><strong>Mer.</strong></span> <span class='ocrx_word' id='word_1_248' title='bbox 562 3625 616 3675; x_wconf 80' lang='lat' dir='ltr'><strong>Etr.</strong></span> <span class='ocrx_word' id='word_1_249' title='bbox 627 3633 653 3674; x_wconf 85' lang='lat' dir='ltr'><strong>rt</strong></span> <span class='ocrx_word' id='word_1_250' title='bbox 663 3622 1005 3683; x_wconf 57' lang='lat' dir='ltr'><strong>numquamnumquam</strong></span> <span class='ocrx_word' id='word_1_251' title='bbox 1017 3622 1113 3685; x_wconf 76' lang='lat' dir='ltr'><strong>primus</strong></span> <span class='ocrx_word' id='word_1_252' title='bbox 1121 3626 1233 3675; x_wconf 74' lang='lat' dir='ltr'><strong>monuit</strong></span> <span class='ocrx_word' id='word_1_253' title='bbox 1241 3624 1358 3674; x_wconf 78' lang='lat' dir='ltr'><strong>Medius.</strong></span> 
     </span>
     <span class='ocr_line' id='line_1_31' title="bbox 252 3688 1356 3753; baseline 0 -16"><span class='ocrx_word' id='word_1_254' title='bbox 252 3692 331 3743; x_wconf 75' lang='lat' dir='ltr'><strong>voss.</strong></span> <span class='ocrx_word' id='word_1_255' title='bbox 342 3694 364 3740; x_wconf 92' lang='grc'><strong>1.</strong></span> <span class='ocrx_word' id='word_1_256' title='bbox 376 3689 588 3753; x_wconf 63' lang='lat' dir='ltr'><strong>tinctusque-t</strong></span> <span class='ocrx_word' id='word_1_257' title='bbox 604 3689 662 3739; x_wconf 84' lang='lat' dir='ltr'><strong>Pal.</strong></span> <span class='ocrx_word' id='word_1_258' title='bbox 673 3696 698 3739; x_wconf 85' lang='lat'><strong>1.</strong></span> <span class='ocrx_word' id='word_1_259' title='bbox 709 3688 770 3739; x_wconf 83' lang='grc' dir='ltr'><strong>ΑΙιΙ.</strong></span> <span class='ocrx_word' id='word_1_260' title='bbox 781 3690 836 3740; x_wconf 82' lang='lat' dir='ltr'><strong>Eis.</strong></span> <span class='ocrx_word' id='word_1_261' title='bbox 852 3696 879 3739; x_wconf 86' lang='lat' dir='ltr'><strong>st</strong></span> <span class='ocrx_word' id='word_1_262' title='bbox 896 3688 981 3739; x_wconf 76' lang='lat' dir='ltr'><strong>Amet.</strong></span> <span class='ocrx_word' id='word_1_263' title='bbox 992 3688 1082 3737; x_wconf 81' lang='lat' dir='ltr'><strong>auertit</strong></span> <span class='ocrx_word' id='word_1_264' title='bbox 1091 3688 1176 3737; x_wconf 71' lang='lat' dir='ltr'><strong>waler.</strong></span> <span class='ocrx_word' id='word_1_265' title='bbox 1212 3688 1280 3740; x_wconf 79' lang='lat' dir='ltr'><strong>sod.</strong></span> <span class='ocrx_word' id='word_1_266' title='bbox 1291 3696 1356 3737; x_wconf 70' lang='lat' dir='ltr'><strong>unte</strong></span> 
     </span>
     <span class='ocr_line' id='line_1_32' title="bbox 252 3752 1357 3812; baseline -0.004 -7"><span class='ocrx_word' id='word_1_267' title='bbox 252 3756 331 3807; x_wconf 58' lang='grc' dir='ltr'><strong>διὰ.</strong></span> <span class='ocrx_word' id='word_1_268' title='bbox 347 3753 484 3812; x_wconf 64' lang='lat' dir='ltr'><strong>numm</strong></span> <span class='ocrx_word' id='word_1_269' title='bbox 510 3752 584 3803; x_wconf 83' lang='lat' dir='ltr'><strong>Voss.</strong></span> <span class='ocrx_word' id='word_1_270' title='bbox 601 3757 625 3802; x_wconf 89' lang='grc'><strong>1.</strong></span> <span class='ocrx_word' id='word_1_271' title='bbox 642 3758 667 3803; x_wconf 82' lang='lat'><strong>2.</strong></span> <span class='ocrx_word' id='word_1_272' title='bbox 686 3752 760 3804; x_wconf 82' lang='lat' dir='ltr'><strong>Leid.</strong></span> <span class='ocrx_word' id='word_1_273' title='bbox 777 3754 890 3805; x_wconf 75' lang='lat' dir='ltr'><strong>Floreat.</strong></span> <span class='ocrx_word' id='word_1_274' title='bbox 903 3752 948 3802; x_wconf 75' lang='lat' dir='ltr'><strong>elii</strong></span> <span class='ocrx_word' id='word_1_275' title='bbox 961 3752 1083 3802; x_wconf 67' lang='lat' dir='ltr'><strong>Reducem</strong></span> <span class='ocrx_word' id='word_1_276' title='bbox 1115 3752 1184 3803; x_wconf 82' lang='lat' dir='ltr'><strong>Edd.</strong></span> <span class='ocrx_word' id='word_1_277' title='bbox 1197 3758 1301 3805; x_wconf 60' lang='lat' dir='ltr'><strong>retest</strong></span> <span class='ocrx_word' id='word_1_278' title='bbox 1314 3767 1357 3801; x_wconf 83' lang='lat' dir='ltr'><strong>re·</strong></span> 
     </span>
     <span class='ocr_line' id='line_1_33' title="bbox 253 3815 1357 3882; baseline -0.005 -11"><span class='ocrx_word' id='word_1_279' title='bbox 253 3828 336 3872; x_wconf 80' lang='lat' dir='ltr'><strong>centt.</strong></span> <span class='ocrx_word' id='word_1_280' title='bbox 347 3826 408 3870; x_wconf 80' lang='lat' dir='ltr'><strong>aute</strong></span> <span class='ocrx_word' id='word_1_281' title='bbox 420 3817 580 3869; x_wconf 82' lang='lat' dir='ltr'><strong>Schmieder.</strong></span> <span class='ocrx_word' id='word_1_282' title='bbox 591 3817 650 3882; x_wconf 80' lang='lat' dir='ltr'><strong>ipre,</strong></span> <span class='ocrx_word' id='word_1_283' title='bbox 659 3817 704 3882; x_wconf 87' lang='lat' dir='ltr'><strong>qut</strong></span> <span class='ocrx_word' id='word_1_284' title='bbox 716 3832 775 3867; x_wconf 84' lang='lat' dir='ltr'><strong>cunr</strong></span> <span class='ocrx_word' id='word_1_285' title='bbox 793 3818 851 3869; x_wconf 86' lang='lat' dir='ltr'><strong>cod.</strong></span> <span class='ocrx_word' id='word_1_286' title='bbox 871 3818 927 3866; x_wconf 82' lang='grc' dir='ltr'><strong>ΡιΙ.</strong></span> <span class='ocrx_word' id='word_1_287' title='bbox 944 3822 969 3868; x_wconf 90' lang='grc'><strong>1.</strong></span> <span class='ocrx_word' id='word_1_288' title='bbox 987 3816 1092 3879; x_wconf 80' lang='lat' dir='ltr'><strong>scripsit</strong></span> <span class='ocrx_word' id='word_1_289' title='bbox 1108 3815 1162 3879; x_wconf 77' lang='lat' dir='ltr'><strong>ipsi.</strong></span> <span class='ocrx_word' id='word_1_290' title='bbox 1196 3816 1258 3868; x_wconf 76' lang='lat' dir='ltr'><strong>Art.</strong></span> <span class='ocrx_word' id='word_1_291' title='bbox 1270 3818 1357 3866; x_wconf 62' lang='lat' dir='ltr'><strong>tutin.</strong></span> 
     </span>
     <span class='ocr_line' id='line_1_34' title="bbox 253 3879 1358 3952; baseline -0.003 -18"><span class='ocrx_word' id='word_1_292' title='bbox 253 3884 354 3952; x_wconf 78' lang='lat' dir='ltr'><strong>Gryph.</strong></span> <span class='ocrx_word' id='word_1_293' title='bbox 364 3885 425 3934; x_wconf 79' lang='lat' dir='ltr'><strong>Bas.</strong></span> <span class='ocrx_word' id='word_1_294' title='bbox 436 3883 495 3933; x_wconf 81' lang='lat' dir='ltr'><strong>Cot.</strong></span> <span class='ocrx_word' id='word_1_295' title='bbox 506 3889 534 3932; x_wconf 88' lang='lat' dir='ltr'><strong>et</strong></span> <span class='ocrx_word' id='word_1_296' title='bbox 553 3882 621 3931; x_wconf 80' lang='lat' dir='ltr'><strong>Mer.</strong></span> <span class='ocrx_word' id='word_1_297' title='bbox 638 3882 671 3931; x_wconf 87' lang='lat' dir='ltr'><strong>P.</strong></span> <span class='ocrx_word' id='word_1_298' title='bbox 687 3897 744 3932; x_wconf 80' lang='lat' dir='ltr'><strong>cero</strong></span> <span class='ocrx_word' id='word_1_299' title='bbox 755 3896 788 3932; x_wconf 77' lang='lat' dir='ltr'><strong>se.</strong></span> <span class='ocrx_word' id='word_1_300' title='bbox 820 3883 896 3931; x_wconf 81' lang='lat' dir='ltr'><strong>von.</strong></span> <span class='ocrx_word' id='word_1_301' title='bbox 906 3884 931 3931; x_wconf 78' lang='grc'><strong>1.</strong></span> <span class='ocrx_word' id='word_1_302' title='bbox 947 3882 1046 3939; x_wconf 74' lang='lat' dir='ltr'><strong>drusus,</strong></span> <span class='ocrx_word' id='word_1_303' title='bbox 1057 3879 1151 3929; x_wconf 82' lang='lat' dir='ltr'><strong>ornisre</strong></span> <span class='ocrx_word' id='word_1_304' title='bbox 1159 3887 1264 3945; x_wconf 71' lang='lat' dir='ltr'><strong>quc-6</strong></span> <span class='ocrx_word' id='word_1_305' title='bbox 1282 3881 1358 3931; x_wconf 76' lang='lat' dir='ltr'><strong>Pin.</strong></span> 
     </span>
     <span class='ocr_line' id='line_1_35' title="bbox 253 3943 1357 4012; baseline -0.005 -12"><span class='ocrx_word' id='word_1_306' title='bbox 253 3949 317 4011; x_wconf 74' lang='lat' dir='ltr'><strong>Rex,</strong></span> <span class='ocrx_word' id='word_1_307' title='bbox 327 3950 346 3999; x_wconf 77' lang='lat' dir='ltr'><strong>i.</strong></span> <span class='ocrx_word' id='word_1_308' title='bbox 357 3948 531 4012; x_wconf 69' lang='lat' dir='ltr'><strong>quinquaginta</strong></span> <span class='ocrx_word' id='word_1_309' title='bbox 547 3947 625 4005; x_wconf 53' lang='lat' dir='ltr'><strong>mitta</strong></span> <span class='ocrx_word' id='word_1_310' title='bbox 640 3946 736 3995; x_wconf 79' lang='lat' dir='ltr'><strong>Fsuch.</strong></span> <span class='ocrx_word' id='word_1_311' title='bbox 754 3947 785 3997; x_wconf 77' lang='lat' dir='ltr'><strong>R.</strong></span> <span class='ocrx_word' id='word_1_312' title='bbox 801 3946 819 3996; x_wconf 87' lang='lat' dir='ltr'><strong>i.</strong></span> <span class='ocrx_word' id='word_1_313' title='bbox 835 3944 1008 4009; x_wconf 66' lang='lat' dir='ltr'><strong>quinquagina</strong></span> <span class='ocrx_word' id='word_1_314' title='bbox 1022 3943 1160 4006; x_wconf 49' lang='lat' dir='ltr'><strong>afficite</strong></span> <span class='ocrx_word' id='word_1_315' title='bbox 1174 3946 1289 4010; x_wconf 72' lang='lat' dir='ltr'><strong>spatium</strong></span> <span class='ocrx_word' id='word_1_316' title='bbox 1309 3959 1357 3994; x_wconf 78' lang='lat' dir='ltr'><strong>n·</strong></span> 
     </span>
     <span class='ocr_line' id='line_1_36' title="bbox 252 4007 1357 4076; baseline -0.004 -15"><span class='ocrx_word' id='word_1_317' title='bbox 252 4026 339 4076; x_wconf 83' lang='lat' dir='ltr'><strong>cunm,</strong></span> <span class='ocrx_word' id='word_1_318' title='bbox 348 4013 410 4062; x_wconf 84' lang='lat' dir='ltr'><strong>dein</strong></span> <span class='ocrx_word' id='word_1_319' title='bbox 423 4012 562 4061; x_wconf 72' lang='lat' dir='ltr'><strong>Gneorm</strong></span> <span class='ocrx_word' id='word_1_320' title='bbox 568 4025 578 4069; x_wconf 64' lang='grc' dir='ltr'><strong><em>ς</em></strong></span> <span class='ocrx_word' id='word_1_321' title='bbox 594 4010 669 4060; x_wconf 71' lang='lat' dir='ltr'><strong>[aeid.</strong></span> <span class='ocrx_word' id='word_1_322' title='bbox 687 4017 715 4061; x_wconf 84' lang='lat' dir='ltr'><strong>et</strong></span> <span class='ocrx_word' id='word_1_323' title='bbox 725 4011 803 4060; x_wconf 84' lang='lat' dir='ltr'><strong>Voss.</strong></span> <span class='ocrx_word' id='word_1_324' title='bbox 820 4014 844 4059; x_wconf 87' lang='lat'><strong>1.</strong></span> <span class='ocrx_word' id='word_1_325' title='bbox 864 4010 955 4070; x_wconf 63' lang='lat' dir='ltr'><strong>nem</strong></span> <span class='ocrx_word' id='word_1_326' title='bbox 968 4007 1025 4058; x_wconf 72' lang='lat' dir='ltr'><strong>cn.</strong></span> <span class='ocrx_word' id='word_1_327' title='bbox 1043 4008 1113 4058; x_wconf 76' lang='lat' dir='ltr'><strong>Dan.</strong></span> <span class='ocrx_word' id='word_1_328' title='bbox 1128 4022 1177 4071; x_wconf 88' lang='lat' dir='ltr'><strong>pro</strong></span> <span class='ocrx_word' id='word_1_329' title='bbox 1187 4010 1357 4060; x_wconf 62' lang='lat' dir='ltr'><strong>mhbet</strong></span> 
     </span>
     <span class='ocr_line' id='line_1_37' title="bbox 252 4087 1356 4152; baseline -0.006 -8"><span class='ocrx_word' id='word_1_330' title='bbox 252 4089 319 4152; x_wconf 68' lang='grc' dir='ltr'><strong>οἶες</strong></span> <span class='ocrx_word' id='word_1_331' title='bbox 335 4092 450 4142; x_wconf 68' lang='lat' dir='ltr'><strong>florent.</strong></span> <span class='ocrx_word' id='word_1_332' title='bbox 461 4090 533 4141; x_wconf 73' lang='lat' dir='ltr'><strong>Iaeid.</strong></span> <span class='ocrx_word' id='word_1_333' title='bbox 542 4090 620 4140; x_wconf 81' lang='lat' dir='ltr'><strong>Voss.</strong></span> <span class='ocrx_word' id='word_1_334' title='bbox 631 4094 655 4140; x_wconf 91' lang='grc'><strong>1.</strong></span> <span class='ocrx_word' id='word_1_335' title='bbox 666 4093 692 4140; x_wconf 74' lang='grc'><strong>1.</strong></span> <span class='ocrx_word' id='word_1_336' title='bbox 703 4090 756 4152; x_wconf 80' lang='lat' dir='ltr'><strong>alii,</strong></span> <span class='ocrx_word' id='word_1_337' title='bbox 765 4101 852 4141; x_wconf 74' lang='lat' dir='ltr'><strong>mer.</strong></span> <span class='ocrx_word' id='word_1_338' title='bbox 869 4088 944 4139; x_wconf 69' lang='lat' dir='ltr'><strong>hid.</strong></span> <span class='ocrx_word' id='word_1_339' title='bbox 955 4087 1033 4138; x_wconf 80' lang='lat' dir='ltr'><strong>voss.</strong></span> <span class='ocrx_word' id='word_1_340' title='bbox 1044 4091 1068 4137; x_wconf 83' lang='lat'><strong>1.</strong></span> <span class='ocrx_word' id='word_1_341' title='bbox 1079 4092 1107 4137; x_wconf 83' lang='lat' dir='ltr'><strong>st</strong></span> <span class='ocrx_word' id='word_1_342' title='bbox 1117 4087 1190 4139; x_wconf 78' lang='lat' dir='ltr'><strong>nm.</strong></span> <span class='ocrx_word' id='word_1_343' title='bbox 1202 4093 1243 4141; x_wconf 73' lang='lat' dir='ltr'><strong>tro</strong></span> <span class='ocrx_word' id='word_1_344' title='bbox 1251 4088 1356 4140; x_wconf 68' lang='lat' dir='ltr'><strong>uiden.</strong></span> 
     </span>
     <span class='ocr_line' id='line_1_38' title="bbox 254 4152 1356 4219; baseline -0.008 -10"><span class='ocrx_word' id='word_1_345' title='bbox 254 4160 369 4209; x_wconf 76' lang='lat' dir='ltr'><strong>Ftorent.</strong></span> <span class='ocrx_word' id='word_1_346' title='bbox 383 4154 455 4206; x_wconf 65' lang='lat' dir='ltr'><strong>laid.</strong></span> <span class='ocrx_word' id='word_1_347' title='bbox 466 4156 580 4206; x_wconf 78' lang='lat' dir='ltr'><strong>etVoss.</strong></span> <span class='ocrx_word' id='word_1_348' title='bbox 596 4160 621 4205; x_wconf 89' lang='lat'><strong>1.</strong></span> <span class='ocrx_word' id='word_1_349' title='bbox 635 4159 660 4204; x_wconf 63' lang='grc' dir='ltr'><strong>Β.</strong></span> <span class='ocrx_word' id='word_1_350' title='bbox 676 4168 831 4219; x_wconf 72' lang='lat' dir='ltr'><strong>quacumqu</strong></span> <span class='ocrx_word' id='word_1_351' title='bbox 846 4158 942 4211; x_wconf 67' lang='lat' dir='ltr'><strong>terrm</strong></span> <span class='ocrx_word' id='word_1_352' title='bbox 964 4152 1021 4203; x_wconf 87' lang='lat' dir='ltr'><strong>Bon</strong></span> <span class='ocrx_word' id='word_1_353' title='bbox 1041 4184 1048 4201; x_wconf 91' lang='lat'>.</span> <span class='ocrx_word' id='word_1_354' title='bbox 1067 4166 1091 4214; x_wconf 86' lang='lat' dir='ltr'><strong>q.</strong></span> <span class='ocrx_word' id='word_1_355' title='bbox 1110 4154 1190 4203; x_wconf 72' lang='lat' dir='ltr'><strong>rme.</strong></span> <span class='ocrx_word' id='word_1_356' title='bbox 1223 4153 1291 4205; x_wconf 78' lang='lat' dir='ltr'><strong>liter.</strong></span> <span class='ocrx_word' id='word_1_357' title='bbox 1310 4166 1356 4215; x_wconf 77' lang='lat' dir='ltr'><strong>pro</strong></span> 
     </span>
     <span class='ocr_line' id='line_1_39' title="bbox 251 4215 1356 4348; baseline -0.008 -13"><span class='ocrx_word' id='word_1_358' title='bbox 251 4215 1356 4348; x_wconf 48' lang='lat' dir='ltr'><strong>consummationemque:</strong></span> 
     </span>
    </p>
   </div>
   <div class='ocr_carea' id='block_1_7' title="bbox 0 0 1469 4867">
    <p class='ocr_par' dir='ltr' id='par_1_8' title="bbox 0 0 1469 4867">
     <span class='ocr_line' id='line_1_40' title="bbox 0 0 1469 4867; baseline 0 0"><span class='ocrx_word' id='word_1_359' title='bbox 0 0 1469 4867; x_wconf 95' lang='lat' dir='ltr'><strong> </strong></span> 
     </span>
    </p>
   </div>
  </div>
 </body>
</html>
