2925 4867
264 383 310 448 94
463 430 469 455 ,
661 393 969 470 sensumsensurn

264 539 347 602 baud
369 537 529 620 spernendi
551 539 696 600 exercitus
720 549 840 619 pretor,
865 536 1022 598 ambitioso
1046 537 1167 618 imperio
1189 537 1294 596 mirum
1311 537 1367 596 sibi

263 637 394 698 larorem
408 635 487 717 apud
497 635 622 696 rnilitum
635 636 745 715 vulgus
759 633 1004 696 conciliaverat:b
1024 633 1205 714 principibus
1220 633 1367 694 Macedo·

265 750 336 794 num
351 733 568 812 propinquitate
583 733 718 804 innexus,
732 733 821 793 etiarn
838 731 965 792 Philotas
980 749 1110 792 sororem
1126 730 1181 790 sibi
1195 728 1366 809 desponde-

264 839 344 890 retr·
363 848 460 908 neque
474 839 543 907 post
557 839 657 889 tannes
679 831 828 907 utrimque
842 827 974 888 offensas
995 828 1093 888 inviso
1109 827 1278 907 iniectaque
1290 826 1368 886 ΗΒ

264 926 367 988 haberi
379 937 505 1004 poterat.
545 929 575 986 4.
597 927 753 1006 Amyntas,
768 945 855 1004 quem
871 925 963 984 fratre
976 925 1123 986 Perdices
1133 925 1282 1004 mitum,
1293 923 1366 983 dats

264 1023 294 1080 iu
304 1021 521 1082 matrimonium
530 1023 627 1102 Cyna,
639 1023 794 1102 Philippus
807 1021 1082 1101 generumlegerat,
1095 1021 1134 1080 ad
1148 1021 1271 1100 psterni·
1282 1023 1365 1099 regni

265 1119 484 1178 successionem
497 1138 550 1198 per
564 1118 726 1178 Alexandri
739 1119 854 1179 cudens
867 1118 1041 1198 upnnbmn
1081 1123 1111 1179 5.
1133 1117 1240 1198 Populi
1254 1133 1365 1193 magna
1396 1143 1400 1152 ·

264 1233 334 1292 pars
347 1213 535 1294 Olympiadis
550 1215 737 1293 tyrannidem
751 1235 853 1287 exosa,
868 1214 919 1274 alii
940 1233 1038 1274 rerum
1058 1230 1199 1274 novarum
1213 1213 1366 1292 cupidine,

264 1311 343 1370 varie
371 1311 401 1369 in
430 1310 511 1370 bsnn
534 1321 587 1370 ant
607 1311 690 1370 illum
713 1311 898 1370 inclinabant
922 1309 1047 1378 stndlin
1078 1329 1133 1370 nec
1155 1309 1290 1382 deerant,
1313 1309 1365 1387 qui

264 1405 456 1471 ‘Alexandro
478 1407 580 1486 AEropi
601 1409 662 1468 lilio
687 1407 903 1468 restituendum
929 1406 1064 1466 dicerent·
1086 1405 1262 1484 semiplum:
1282 1403 1367 1484 qnod

264 1501 386 1562 secluso
400 1501 533 1582 legitimo
552 1504 635 1582 regni
656 1502 776 1574 herede,
798 1504 942 1582 Amyntas
963 1503 1057 1582 prius,
1073 1501 1182 1562 deinde
1197 1499 1367 1580 Philippus,

263 1597 293 1656 ri
307 1617 343 1658 ac
356 1597 460 1659 fraude
473 1599 675 1660 invasissent!
716 1600 746 1659 6.
769 1598 924 1658 Exercitus
939 1617 1057 1678 quoque
1078 1597 1165 1658 variis
1184 1615 1223 1658 en
1235 1597 1366 1656 nedoni·

263 1695 321 1754 bns
334 1695 540 1775 compositura
549 1706 585 1755 ut
596 1694 704 1774 cuique
719 1695 838 1754 enimus
856 1704 908 1754 aut
922 1713 990 1775 sper
1005 1703 1078 1767 erat,
1091 1692 1281 1752 discordibus
1293 1711 1365 1752 con·

264 1789 337 1850 siliis
351 1801 382 1850 et
395 1792 580 1851 sermonibus
594 1791 775 1869 agitabatur.
818 1793 847 1850 7.
869 1789 982 1850 Contra
996 1789 1166 1850 Alexandro
1184 1807 1295 1850 norum
1310 1791 1363 1849 im·

264 1886 388 1964 perium,
402 1905 438 1946 ac
458 1888 556 1947 subito
571 1887 700 1968 Philippi
720 1906 793 1946 casu
816 1886 887 1946 nibil
908 1885 1051 1946 adversus
1071 1887 1243 1965 ingruentes
1265 1897 1363 1944 motus

263 1985 414 2058 provisum
428 1996 510 2044 erat:
530 1993 562 2042 et
574 2001 744 2061 quenquam
760 1980 868 2042 indolis
883 1981 964 2040 bend
977 1981 1142 2060 pranderet,
1153 1990 1227 2040 estse
1242 2001 1364 2061 sperne

263 2077 359 2138 batur.
401 2078 515 2157 Viginti
528 2097 673 2138 annorum
688 2079 931 2142 adolescentemr
952 2089 1044 2137 mntss
1063 2095 1158 2136 rerum
1177 2076 1247 2136 moli
1262 2079 1366 2138 hume·

262 2191 311 2232 rus
327 2175 537 2253 subjecturum,
552 2182 606 2234 ant
620 2173 645 2233 si
659 2173 832 2253 recepisset,
845 2191 946 2252 parem
960 2172 1090 2232 intumum
1104 2191 1166 2230 non
1179 2172 1364 2234 arbitraban-

262 2281 320 2328 tur.
362 2272 391 2328 8.
414 2271 510 2328 Etiam
526 2289 633 2329 nereus
647 2268 843 2348 gerendarum
862 2287 959 2328 rernm
972 2268 1099 2348 pecunie
1113 2268 1282 2338 defecerat:
1304 2289 1367 2349 qua

262 2363 448 2425 abundsmes
460 2365 560 2426 Persae
573 2366 605 2426 in
619 2385 735 2425 omnem
751 2365 812 2426 iere
826 2364 973 2424 Graeciam
984 2375 1172 2444 corruptores
1183 2365 1366 2436 miseranter

262 2458 428 2538 etnequid
444 2461 528 2520 malis
541 2462 674 2532 deesset,
689 2459 878 2522 Macedoniae
903 2460 1050 2521 meritima
1072 2461 1162 2522 Tusci
1184 2461 1290 2542 pirates
1312 2463 1365 2522 de-

261 2554 481 2634 psmdsbastur.
517 2561 547 2618 9.
569 2558 751 2618 Convocatis
765 2557 878 2630 amicis,
891 2577 959 2618 oum
973 2557 1011 2618 dn
1022 2558 1161 2638 presenti
1174 2576 1270 2618 nerum
1282 2569 1365 2618 ststn

261 2649 435 2712 deliberatio
450 2654 586 2714 instituta
598 2664 689 2726 esset,
703 2673 763 2714 non
779 2655 947 2726 defuerunt,
963 2655 1015 2733 qui
1038 2656 1220 2726 censerent?
1231 2662 1240 2688 ⁴
1252 2656 1365 2715 omissa

262 2747 388 2809 Graeciee
401 2769 483 2823 cura,
496 2763 609 2830 quante
622 2762 726 2830 posset
741 2751 862 2812 lenitate
876 2750 1049 2811 deficientes
1062 2750 1203 2810 burburus
1217 2749 1248 2809 in
1264 2751 1364 2810 officio

260 2844 458 2906 continendos
472 2866 557 2908 esse:
578 2857 738 2926 postquam
752 2847 882 2908 intestini
896 2855 994 2906 motus
1009 2846 1227 2920 consedissent,
1242 2846 1362 2926 longin-

261 2958 321 3017 qua
334 2940 451 3002 facilins
464 2943 718 3023 compositurum!
763 2946 810 3002 10.
830 2943 940 3003 Vemm
955 2942 1132 3004 adolescens
1146 2943 1256 3022 insigni
1272 2946 1364 3004 enimi

260 3037 476 3114 magnitudine,
499 3050 587 3099 cauta
609 3040 736 3099 consilia
757 3057 810 3117 pro
832 3039 948 3118 ignavis
962 3039 1144 3100 fastidiebat.
1186 3047 1194 3074 ⁴
1213 3039 1364 3122 Perpetuo

260 3133 389 3194 omnium
403 3135 566 3194 contemtui
580 3136 739 3195 obnoxium
754 3137 828 3206 sore,
843 3136 868 3196 si
882 3135 910 3196 ln
926 3137 1070 3216 principio
1089 3135 1173 3215 regni
1192 3137 1317 3216 impune
1330 3159 1364 3198 rs

259 3229 359 3308 sperni
371 3239 536 3308 pateretur:
561 3229 599 3290 sd
618 3249 735 3291 omnem
759 3231 900 3310 deinceps
917 3232 1007 3293 vitam
1021 3232 1174 3310 pertinere,
1186 3233 1305 3312 qualem
1325 3235 1364 3296 de
1457 3219 1458 3226 ἵ

260 3341 293 3384 se
320 3323 487 3402 opinionem
516 3327 545 3384 in
571 3325 677 3386 anisnis
705 3327 856 3387 bominum
884 3327 1028 3406 incipieus
1056 3327 1217 3406 imperetur
1242 3331 1362 3391 excitet.

262 3423 309 3478 ll.
332 3419 462 3499 Philippi
484 3441 588 3480 necem
602 3421 683 3480 baud
698 3423 796 3500 magis
811 3423 878 3496 eibi,
895 3443 987 3502 quarn
1009 3424 1166 3484 rebellibus
1189 3425 1365 3505 inexpecta-

258 3527 321 3574 tum
335 3514 499 3575 accidisse:
522 3515 705 3595 trepidantes
719 3519 828 3592 adhuc,
843 3530 874 3580 et
887 3519 1003 3580 consilii
1017 3520 1147 3580 incertos
1169 3517 1253 3580 nullo
1267 3540 1363 3600 nego·

259 3611 302 3671 tio
316 3609 440 3689 opprimi
454 3630 564 3690 posse:
585 3631 637 3692 per
659 3615 860 3676 Macedonum
882 3615 1102 3676 cunctationem
1117 3616 1191 3694 erigi
1205 3615 1362 3679 seditionis

259 3719 413 3774 auctoresr
435 3719 466 3765 er
478 3709 530 3785 qui
545 3727 623 3768 nunc
638 3711 726 3770 etism
746 3721 883 3772 nutarent
905 3713 1019 3784 animis,
1039 3713 1288 3786 tumultuanbsbus
1309 3733 1362 3774 ac-

257 3821 407 3864 cessuros.
453 3805 500 3862 12.
523 3805 571 3864 lta
588 3819 693 3866 contre
716 3821 837 3888 paratos
858 3808 1108 3889 confirmatosque
1129 3829 1240 3890 anceps
1255 3809 1362 3902 discri-

288 3989 301 4023 ⁸
318 3990 397 4040 Diod.
407 3991 458 4042 Sic.
469 4005 541 4044 xrrr.
553 4010 581 4059 p.
593 3975 650 4048 tut.
862 3995 979 4050 ‘Jnsrm
991 4015 1031 4051 ιι.
1044 4005 1068 4050 l.
1081 4006 1104 4051 1.

289 4072 301 4098 0
318 4067 391 4115 curt.
405 4080 446 4118 vr.
456 4071 481 4117 9.
494 4073 533 4120 17.
858 4082 871 4118 t
886 4075 1039 4126 sustinul.
1052 4077 1157 4129 ΑπΙιη.
1170 4093 1190 4128 r.
1203 4082 1226 4127 1.

289 4139 309 4178 l·
318 4141 358 4188 ld.
371 4140 387 4188 l.
398 4141 415 4191 1.
428 4143 501 4194 Plnt.
513 4144 545 4192 de
557 4145 629 4196 Fert.
637 4145 715 4198 Ales.
727 4151 751 4200 1.
760 4150 786 4198 ⁸.
859 4157 870 4205 t
887 4150 959 4200 Plut.
971 4153 1106 4204 Demostls.
1119 4169 1146 4218 p,
1156 4157 1215 4206 8⁵⁵.

289 4225 301 4251 ·
318 4219 388 4270 Plut.
404 4220 421 4270 1.
427 4233 447 4270 1.
458 4218 561 4271 Arrisn.
574 4223 592 4274 Ι.
604 4226 645 4274 2⁶.
857 4223 871 4260 Β
886 4224 958 4278 Plut.
969 4228 1046 4280 tres.
1057 4243 1083 4293 p.
1095 4233 1153 4282 sto.
1164 4230 1263 4284 lassis.
1275 4235 1293 4284 l.
1306 4234 1325 4283 l.
