2925 4867
267 371 312 435 92
665 389 694 436 ι.
719 387 970 438 rnnrnsusuu
1089 427 1096 442 .

268 536 316 586 tos
330 526 440 608 imperii
454 529 578 588 mutulos
599 529 763 602 habiturus,
787 529 1015 608 operamdaret,
1030 547 1089 606 quo
1104 529 1239 588 omnibus
1259 529 1361 588 melior

269 624 524 702 praestantiorque,
539 643 599 684 non
619 626 659 684 ob
673 624 843 703 Philippum
865 635 988 702 patrem,
1003 624 1056 683 sed
1070 643 1105 682 ex
1120 643 1174 683 suo
1188 625 1304 697 orento,
1317 645 1360 682 re-

269 737 332 776 rnm
352 719 438 798 potiri
452 712 634 779 videretur.'¹
681 722 728 778 14.
749 720 825 778 Cum
840 729 938 780 autem
953 719 990 778 ob
1005 718 1057 778 has
1073 719 1241 798 similesque
1256 737 1361 780 causas

270 814 373 873 crebra
399 813 564 874 inciderent
585 815 694 893 jurgia,
719 833 776 874 neo
802 815 927 894 abrupta
953 815 1042 874 semel
1071 816 1276 874 benevolentia
1303 815 1362 872 lido

270 907 377 968 affectu
387 909 584 978 coalesceret;
607 909 645 968 ad
659 921 791 970 extrema
805 909 934 988 prolapsi
950 921 1030 982 sunt,
1045 911 1195 989 praecipua
1209 909 1361 989 Olympia·

270 1003 316 1064 dis
329 1003 478 1076 violentia,
492 1005 521 1062 in
537 1023 597 1085 qua
609 1008 825 1066 contumaciam
839 1025 927 1066 sexus
943 1007 1090 1085 ingenium
1100 1019 1214 1066 vastum
1231 1017 1261 1065 et
1275 1005 1373 1064 rehe-'

270 1117 354 1159 mens
368 1099 443 1159 virili
457 1102 566 1160 oculere
580 1102 609 1160 in
624 1102 784 1162 vindictam
799 1105 942 1162 armabat.
977 1103 1182 1162 stimulaverat
1196 1121 1231 1161 ea
1246 1103 1364 1162 lratrem

271 1193 484 1268 Alexandrum,
503 1209 536 1255 ut
552 1197 689 1276 Philippo
702 1198 813 1258 bellurn
833 1199 955 1258 laceret.
999 1199 1045 1256 15.
1069 1197 1101 1256 ld
1123 1217 1159 1256 ne
1179 1197 1278 1256 alieno
1291 1207 1363 1255 tem·

270 1309 342 1369 pore
355 1293 490 1372 excipere
504 1303 669 1372 cogeretur,
681 1293 809 1354 callidus
831 1312 894 1368 rex,
909 1311 1078 1373 quanquam
1098 1295 1206 1354 viribus
1229 1295 1299 1373 plus
1312 1313 1364 1372 po·

271 1397 358 1458 terat,
380 1389 494 1449 firmata
516 1410 568 1468 per
591 1409 700 1450 novam
722 1391 896 1451 affinitatem
928 1392 1024 1468 gratia
1050 1391 1210 1470 praevenire
1238 1389 1364 1461 studuit,

272 1479 423 1560 desponsa
436 1485 565 1564 Epirotes
579 1486 739 1546 Alexandri
755 1481 904 1564 germana}
921 1485 1109 1565 Cleopatra·
1152 1487 1199 1544 16.
1221 1484 1269 1542 Ad
1293 1485 1365 1543 istas

272 1578 390 1656 nuptias
412 1580 604 1642 celebrandas
626 1581 813 1641 finitimarum
842 1581 974 1659 gentium
1000 1579 1104 1660 reguli,
1134 1579 1365 1660 Graecarumque

162 1667 166 1676 '
272 1672 421 1734 civitatum
438 1676 527 1754 legati
543 1678 712 1755 frequentes
726 1679 817 1756 AEgas
831 1686 1045 1738 couvenerant:
1067 1676 1097 1735 id
1112 1677 1253 1756 oppidum
1267 1677 1368 1754 elege·
1455 1717 1458 1728 .

272 1780 319 1829 rat
333 1770 496 1850 Philippus,
516 1791 575 1832 non
599 1774 663 1833 sine
676 1773 806 1853 quodam
821 1775 919 1834 omine
940 1793 1051 1844 eorum,
1072 1793 1141 1851 quea
1162 1783 1269 1852 postea
1290 1774 1367 1832 acci·

272 1863 359 1932 dere:
381 1885 449 1926 nam
470 1867 510 1926 ibi
531 1868 731 1929 Macedonum
751 1889 837 1948 reges
852 1869 966 1948 sepeliri
980 1887 1044 1928 mos
1059 1875 1144 1926 erat.n
1187 1870 1235 1928 17.
1260 1867 1368 1926 Ferunt

272 1960 361 2020 etiarn
375 1963 543 2042 Apollinem
554 1965 733 2044 Delphicum
753 1966 792 2026 de
809 1965 888 2026 bello
903 1965 1023 2026 Persico
1036 1964 1204 2024 consulenti
1219 1973 1367 2024 maturum

270 2055 421 2118 interitum
433 2060 590 2120 cecinisse.
630 2060 691 2120 Sed
705 2062 886 2138 ambiguum,
900 2071 934 2120 ut
950 2079 1014 2120 mos
1033 2058 1171 2132 oraculis,
1192 2079 1367 2137 responsum

273 2149 428 2232 Philippus
443 2155 483 2214 ad
496 2158 690 2217 barbarorum
701 2156 822 2218 exitium
836 2157 947 2218 ltlanda
959 2155 1200 2236 interpretatione
1213 2161 1368 2216 traxerat?

273 2247 342 2307 Alia
362 2266 482 2329 quoqne
504 2253 660 2332 praesagia,
682 2273 751 2331 quea
777 2265 839 2313 tum
862 2271 948 2314 nemo
970 2251 1227 2326 animadverterat,
1244 2267 1368 2312 eventus

272 2345 457 2405 monstravit.
502 2349 549 2406 18.
571 2347 643 2406 Erat
655 2347 731 2408 inter
744 2348 885 2410 custodes
899 2348 970 2428 regii
981 2350 1111 2428 corporis
1126 2348 1291 2410 Pausanias
1303 2351 1370 2428 qui-

272 2437 354 2511 dam,
377 2460 465 2518 quem
486 2444 517 2500 in
542 2444 680 2504 solatium
701 2455 833 2525 aeoeptoe
858 2448 895 2506 ab
910 2445 1013 2506 Attalo
1028 2445 1151 2524 injuriae,
1171 2464 1222 2504 rex
1245 2446 1274 2504 in
1299 2466 1368 2506 eum

272 2531 425 2614 dignitatis
451 2537 575 2616 gradum
599 2553 790 2620 provexerat:
811 2543 921 2623 quippe
945 2541 1122 2602 Pausaniam
1144 2542 1263 2601 Attalus
1288 2562 1370 2601 rnero

273 2643 412 2693 onustum
440 2633 559 2694 nefariis
587 2635 775 2698 convivarum
800 2638 934 2698 ludibriis
959 2647 1146 2716 exposuerat.
1199 2639 1246 2698 19.
1272 2639 1370 2718 liujus

273 2725 416 2787 ultionem
430 2748 496 2788 cunr
512 2748 531 2787 a
543 2749 613 2808 rege
625 2741 749 2808 peteret,
764 2731 904 2794 honorem
920 2735 1044 2814 accepit.
1081 2733 1196 2794 Etenim
1212 2733 1370 2814 Philippus

273 2822 367 2882 virum
381 2836 523 2903 spectatae
538 2825 567 2882 io
583 2825 661 2886 bello
675 2827 866 2900 fortitudinis,
888 2829 926 2889 ad
941 2829 999 2890 hoo
1012 2849 1106 2908 nuper
1120 2830 1285 2909 propinqua
1304 2832 1370 2890 affi-

273 2919 366 2978 nitate
379 2919 570 2998 coojunctum
585 2922 689 2999 punire
703 2923 780 2983 adeo
794 2943 853 2983 uon
868 2925 1017 2996 sustinuit,
1032 2935 1066 2984 ut
1077 2925 1198 3006 insuper
1216 2929 1369 3005 copiarum

273 3015 352 3092 parti
365 3014 536 3093 profectum
549 3035 617 3076 cum
631 3017 826 3078 Parmenione
850 3029 880 3080 et
902 3021 1031 3100 Amynta
1045 3022 1075 3080 in
1090 3021 1190 3081 Asiam
1209 3024 1370 3100 praemitte-

275 3116 345 3182 rer:
363 3127 452 3190 opera
477 3113 541 3190 ejus
563 3133 672 3172 usuros
693 3114 724 3172 io
743 3115 930 3196 expeditione
945 3115 1076 3176 Persica.
1118 3119 1168 3178 20.
1189 3117 1369 3179 Pausaniam

275 3216 375 3266 autem
389 3219 534 3286 rogatum,
556 3217 565 3244 ‘
578 3219 612 3268 ut
628 3210 685 3286 ipsi
698 3211 939 3290 temporibusque
952 3211 1122 3290 reipublicae
1136 3211 1268 3273 dolorem
1283 3235 1370 3274 suum

274 3303 478 3374 condonaret‚'
491 3305 630 3365 comitate
638 3305 760 3384 alloquii
770 3317 801 3366 et
809 3307 977 3368 honestiore
989 3307 1136 3386 stipendio
1147 3307 1265 3386 placare
1278 3330 1371 3372 coon-

274 3409 324 3458 tus
346 3411 403 3460 est.
444 3400 505 3460 Sed
530 3401 707 3462 adolescens
735 3404 874 3482 majorem
900 3404 1095 3470 contumelias.
1119 3423 1208 3483 quam
1233 3407 1370 3468 beneficii

274 3494 418 3554 rationem
440 3494 558 3556 habuit:
590 3495 750 3576 odiumque
775 3501 812 3558 ab
835 3509 954 3560 auctora
975 3500 1099 3580 injuriae,
1119 3501 1149 3558 in
1168 3502 1369 3581 negligentem

275 3590 339 3668 ejus
353 3589 499 3650 vindicem
513 3591 666 3651 convertit.
708 3596 758 3654 21.
781 3595 856 3654 Cum
871 3594 906 3654 iis
921 3596 1021 3667 etiam,
1036 3615 1110 3674 quos
1129 3595 1261 3658 infensos
1275 3601 1369 3660 Attali

275 3685 387 3757 domui,
401 3705 456 3746 uec
472 3685 608 3767 Philippo
629 3689 793 3750 concordes
817 3711 884 3752 esse
906 3703 1038 3764 noverat,
1063 3691 1187 3752 consilia
1205 3697 1373 3755 communi·

274 3801 432 3844 euoenon
447 3791 553 3861 praeter
567 3785 708 3844 rationem
722 3785 865 3847 creditum
880 3795 958 3855 enm
972 3797 1128 3866 postquam
1142 3788 1180 3846 ab
1190 3788 1372 3868 Olympiade

307 3987 314 4020 ¹
332 3988 402 4038 Plut.
414 3989 543 4053 Apopbtlr.
555 4005 579 4040 c.
590 3995 630 4040 ⁸³.
876 4003 886 4046 t
906 3993 986 4043 Diod.
995 3995 1012 4043 1.
1021 3995 1038 4044 l.
1052 3994 1163 4043 Pausan.
1175 4007 1239 4043 vrri.

307 4069 325 4094 ¹
342 4062 421 4112 Diod.
432 4065 553 4116 Sicani.
564 4083 589 4129 p.
600 4071 657 4116 tat.
874 4076 886 4101 ⁰
904 4069 984 4118 Diod.
1005 4083 1062 4120 xvr.
1085 4083 1111 4132 p.
1133 4073 1189 4118 att.
1210 4069 1310 4119 initio.
1328 4082 1371 4119 rx.

306 4144 319 4170 ¹
336 4139 402 4188 Plio.
424 4139 494 4192 illst.
516 4143 580 4192 Nat.
600 4155 638 4192 tv.
660 4147 700 4193 ltl.
721 4142 802 4193 Arne·
843 4149 866 4194 t.
877 4148 901 4194 a.
1027 4151 1031 4158 “

275 4226 347 4264 nans
357 4225 399 4264 ιι.
411 4219 450 4266 tt.
874 4225 887 4261 Ρ
904 4218 975 4269 Plut.
987 4217 1063 4272 Alex.
1073 4235 1098 4284 p.
1107 4224 1165 4272 dtu.
