2925 4867
36 414 38 425 Ι
140 339 171 389 ι.
194 338 446 391 ιιιιιιιιιιιιιιιι
470 339 601 391 suern.
624 339 664 388 ιιι
688 341 920 402 obuertere
946 342 1017 391 ιιι.
1041 342 1083 390 ιι.
1125 326 1189 392 111

98 485 136 544 tri
161 493 277 564 septem
303 484 460 546 Persarum
485 484 726 565 αιιιιιιὶιιιιίοιιο,ιι
752 486 904 566 imperium
931 485 1030 564 Magis
1056 485 1189 546 extersit.

100 584 130 640 ⁵.
149 580 212 640 Sub
224 579 276 640 bis
291 580 412 659 regibus
432 599 485 659 per
502 579 649 640 decentes
663 593 694 641 et
708 581 830 660 triginta
843 581 933 641 lernae
946 599 1040 640 annos
1055 599 1102 640 res
1116 579 1188 642 Per-

98 694 195 734 sarum
208 676 282 736 mira
294 675 434 737 felicitate
446 675 563 736 floruit:
584 675 701 736 acribus
721 676 823 748 initiis,
844 674 916 735 dnm
936 675 1018 736 rudis
1032 675 1071 736 ad
1084 674 1189 757 volup·

97 779 174 830 tetes
189 773 271 831 natio
283 789 337 849 pro
349 771 507 844 libertate:
520 771 681 850 gloriaque,
695 781 727 832 et
746 771 852 852 opibus
866 771 997 832 animose
1010 771 1186 834 dimicabat:

99 866 127 925 6.
147 865 329 946 procedente
341 877 483 946 tempore,
495 879 652 947 postquam
664 867 786 949 praemia
802 868 915 928 virtutis
932 868 1032 947 adepti
1045 867 1190 938 ridebu-

97 973 155 1042 tnr‚
169 962 265 1042 ipsam
278 961 492 1041 posthabuerer
513 981 573 1023 non
587 972 649 1024 tam
662 964 723 1025 suis
737 963 847 1025 viribus
861 964 926 1036 tuti,
940 983 1029 1042 quem
1042 963 1122 1022 lama
1134 980 1189 1042 po·

96 1055 199 1115 ιοιιιίιιι
219 1074 238 1115 a
260 1055 419 1134 majoribus
434 1066 539 1135 partae,
552 1077 668 1137 usuque
682 1057 990 1138 dinitiarum‚'quibus
1003 1055 1085 1118 bend
1097 1057 1189 1138 paulo

97 1149 214 1211 felicius
224 1162 326 1212 contra
335 1149 470 1225 Graecos,
481 1172 570 1230 quem
581 1154 670 1213 arnus
684 1152 881 1216 decertavere.
904 1156 935 1214 7.
947 1152 992 1214 td
1006 1165 1189 1234 postremum

96 1247 209 1327 itaque,
215 1265 284 1307 cnm
293 1245 437 1308 adversus
447 1247 608 1309 Alexandri
622 1249 680 1308 vine
689 1268 761 1308 auro
769 1267 872 1328 perum
885 1250 1084 1329 preficeretur,
1093 1249 1187 1308 omni·

96 1361 156 1420 qne
168 1353 291 1402 esterna
303 1362 360 1422 epe
373 1343 562 1416 abscedente,
576 1344 691 1406 sibimet
707 1345 782 1425 ipsis
795 1345 978 1406 innitendum
994 1354 1085 1416 esset,
1097 1343 1187 1403 animi

96 1436 211 1497 deliciis
233 1446 265 1497 et
283 1437 406 1498 mollitie
429 1438 513 1500 lrasti
536 1436 763 1518 effeminatique
776 1440 902 1500 lortunm
919 1440 1031 1500 ruentis
1046 1439 1187 1519 impetum

96 1550 155 1591 non
171 1531 382 1592 sustinuerunt.
423 1535 452 1592 8.
474 1532 590 1614 Quippe
608 1532 784 1595 industriam
805 1545 923 1615 egestas
944 1533 1041 1602 acuit:
1063 1535 1188 1594 affluen-

96 1627 166 1686 tiam
179 1645 276 1688 rerum
290 1626 377 1687 luxus
390 1638 422 1688 et
438 1628 543 1688 inertia
562 1629 703 1706 aequiter.
745 1630 838 1708 Igitur
851 1631 953 1691 audito
976 1630 1033 1690 fine
1047 1628 1187 1710 Philippi,
1205 1641 1209 1660 ¹

95 1724 181 1803 cujus
194 1723 313 1784 sennua
326 1733 357 1784 et
370 1724 558 1804 apparatibus
579 1725 707 1786 exterriti
723 1726 850 1800 luerent,
870 1738 949 1788 metu
968 1723 1186 1799 soluti,⁸'Alex·

96 1818 181 1878 andri
194 1817 426 1879 adolescentiam
438 1816 660 1898 despiciebantr
681 1831 853 1884 contentum
866 1822 928 1882 lore
942 1821 1086 1894 arbitrati,
1100 1823 1124 1882 si
1139 1841 1187 1884 se·

95 1933 167 1974 curo
190 1914 284 1974 Pellae
305 1914 497 1975 obambulare
517 1913 629 1975 liceret.
669 1917 700 1977 9.
721 1917 831 1976 Verum
851 1935 918 1978 cum
938 1915 977 1976 de
994 1917 1079 1979 bellis
1094 1918 1189 1997 ipsius

94 2010 283 2086 victoriisque
295 2009 355 2070 alia
368 2025 457 2088 nuper
469 2009 530 2070 alie
542 2011 762 2080 nuntiarenturr
784 2020 964 2072 contemtum
979 2011 1123 2074 hactenns
1138 2014 1190 2092 ju·

95 2126 199 2168 renem
219 2105 380 2186 impensior
401 2105 603 2178 formidantes,
626 2125 740 2169 summa
760 2126 841 2180 curat,
861 2115 896 2168 ut
916 2107 1080 2168 inbellem
1100 2119 1186 2169 atrox

93 2215 181 2280 stqne
196 2200 380 2273 diuturnum,
394 2200 501 2261 auxilia
515 2199 736 2278 comparebant.
780 2203 826 2260 10.
848 2201 888 2260 Et
900 2201 1038 2280 quoniam
1053 2203 1188 2283 superio·
1170 2233 1191 2250 ··

93 2319 159 2360 rum
171 2298 339 2380 prationem
352 2296 559 2376 experimentis
577 2295 717 2374 imperem
731 2295 892 2356 Asiaticum
906 2297 1025 2360 militem
1040 2298 1188 2379 Europaeo

92 2393 270 2465 didicerant,
290 2392 390 2452 missis
411 2390 443 2450 in
465 2389 612 2451 Graeciam
635 2390 896 2468 conquisitoribus,
915 2392 954 2452 ad
972 2393 1187 2474 quinquaginta

92 2488 203 2551 mittis·
230 2488 359 2568 'egregia
392 2486 556 2566 juventutis
576 2485 713 2546 mercede
740 2487 954 2549 conduxerunt.
1010 2488 1065 2548 llis
1092 2489 1185 2569 copiis

92 2585 243 2646 Memnon
253 2583 391 2644 Rhodius
404 2591 513 2660 pretor
526 2580 615 2641 datus
629 2584 707 2649 est3¹
725 2603 776 2661 qur
768 2583 902 2644 multis¹
915 2593 984 2650 ante
996 2582 1082 2643 bellis
1096 2583 1185 2644 fldem

92 2681 291 2760 rismremqns
305 2698 389 2740 suam
401 2677 502 2739 Persis
516 2677 634 2738 abunde
644 2678 829 2758 probaverat.
874 2680 921 2739 ll.
943 2679 973 2738 lr
987 2676 1025 2737 ad
1039 2697 1187 2759 occupan-

91 2779 163 2838 dam
176 2777 318 2858 cyzicum
334 2776 454 2847 missus,
466 2774 565 2848 citatis
578 2773 742 2846 itineribus,
754 2795 809 2854 per
822 2773 991 2854 Phrygiam,
1004 2793 1064 2853 qua
1076 2774 1185 2834 Troadi
1275 2815 1285 2826 .

90 2875 296 2946 committitur,
309 2873 348 2932 ad
360 2872 443 2931 Idam
457 2879 586 2932 mentem
600 2873 744 2948 persenit,
755 2871 822 2950 ipso
833 2871 951 2930 nomine
962 2880 1097 2930 naturam
1108 2870 1188 2932 situs·

89 2972 141 3033 sui
151 2971 372 3051 prmlerentemr
386 2987 456 3026 nam
470 2965 623 3027 condensa
636 2967 787 3026 arboribus
798 2966 864 3026 loce
876 2971 885 3001 ⁴
897 2965 967 3025 ldes
978 2965 988 2992 '
998 2965 1109 3044 antiqui
1118 2965 1184 3027 dix-

89 3063 167 3130 ere.l
182 3070 232 3128 12.
242 3065 384 3144 Exsurgit
390 3062 576 3124 istecelsiore
586 3061 751 3142 cacumine,
759 3079 847 3140 quam
858 3061 947 3120 ceteri
957 3060 995 3121 ad
1006 3060 1187 3142 Hellespon.

88 3176 156 3226 tum
167 3168 306 3224 montes.¹
339 3161 385 3220 13.
398 3161 433 3218 ln
446 3157 545 3220 medio
557 3177 678 3237 specum
691 3157 783 3218 babet
791 3157 932 3236 religioso
945 3156 1063 3216 horrore
1074 3156 1185 3218 lamam

86 3260 122 3318 in
130 3259 240 3319 tabulis
249 3265 421 3327 nactum‚ut
431 3251 483 3314 ‘ibi
492 3253 622 3313 Deorum
630 3252 738 3312 formas
750 3253 857 3312 arbiter
865 3251 1009 3330 'l'rejanus
1021 3253 1188 3330 spectasae'

87 3354 361 3434 praedicaterem
375 3349 499 3428 imperio
519 3348 612 3427 patris
626 3348 789 3426 expositus,
802 3347 832 3406 in
848 3345 902 3406 lile
924 3355 1024 3406 monta
1038 3345 1185 3407 adolevis-

87 3460 152 3510 set.
194 3451 242 3508 14.
264 3446 378 3506 Eadem
403 3445 548 3505 ldeeorum
572 3443 900 3523 Dactylorum¹¹patrie
921 3461 987 3502 esse
1014 3442 1115 3515 lentur,
1131 3445 1184 3523 qui
1276 3455 1280 3460 “

85 3544 189 3626 primi,
201 3545 318 3623 blegne
331 3541 429 3610 Matre
445 3529 583 3612 docente,
596 3541 764 3618 ambiguum
777 3538 844 3597 lerri
866 3555 964 3608 nsum,
978 3555 1074 3616 neque
1085 3538 1184 3600 minus

85 3639 168 3701 utile
186 3638 375 3701 permitatis
400 3637 567 3716 laborisque
584 3636 732 3708 solatium,
753 3634 925 3694 acerrimum
945 3633 1050 3692 luroris
1074 3633 1183 3693 instru-

121 3855 136 3882 ⁸
151 3847 257 3898 Arriae.
266 3849 332 3897 Μ.
347 3843 393 3895 dn.
403 3841 524 3909 xmope.
538 3843 621 3908 cyro·
688 3839 697 3874 ¹
711 3837 793 3890 Diod.
802 3840 820 3889 l.
831 3841 848 3890 l.

83 3923 164 3991 ped.
176 3937 195 3973 ι.
688 3915 701 3950 ¹
717 3917 831 3966 Pansae.
843 3930 872 3967 x.

119 3998 134 4032 Ι
147 3999 220 4049 Plnr.
228 4000 256 4049 tn
267 3995 393 4062 Agesilae
402 4002 431 4048 et
441 3997 596 4048 Artaxerxe·
689 3990 697 4026 ¹
712 3991 792 4043 Diod.
803 3991 821 4040 l.
830 3992 848 4042 1.
859 3990 980 4056 ΑιιοΙΙοᾱ.
991 4005 1023 4042 ιι.

118 4083 134 4118 s
152 4072 234 4124 Diod.
246 4085 319 4122 xm.
332 4087 358 4136 p.
369 4077 426 4123 otto.
689 4066 795 4118 *Diod
804 4067 845 4118 l.l.
853 4067 921 4120 Plio.
929 4068 999 4120 llist.
1007 4067 1071 4120 Nat.
1082 4079 1176 4122 mlv

117 4147 133 4182 ¹
151 4147 351 4198 Curt.v.ll.ll.
657 4147 698 4195 14.
