2925 4867
533 994 1047 1091 PROOEMIUM.

638 1291 944 1313 Ἃ

401 1374 479 1441 [ux
495 1372 591 1425 nura.
609 1336 704 1425 rma.
721 1373 947 1449 scaura'osa,
961 1372 1064 1425 eom.
1081 1372 1168 1437 reon]

251 1665 428 1765 Aoornrn
444 1698 571 1775 Curtio,
591 1696 684 1782 quod
705 1698 783 1763 aliis
797 1695 999 1781 quibusdam
1013 1702 1174 1775 retemm,
1188 1699 1226 1761 ut
1239 1694 1282 1760 de
1295 1712 1335 1759 oo

251 1802 335 1867 nihil
357 1800 599 1885 propemodum
623 1800 783 1865 sciamus.
819 1798 1003 1878 ‘Quintum
1025 1797 1178 1863 Curtium
1195 1792 1339 1862 Rufum’

253 1902 459 1989 appellatum
470 1899 590 1979 fuisse,
599 1920 644 1965 ex
658 1905 819 1984 perpetuo
830 1898 989 1965 librorum
998 1904 1147 1965 veterum
1158 1914 1337 1975 consanam

254 2001 442 2069 Romanum
456 2000 574 2077 luisse,
588 2018 634 2064 ex
657 2000 803 2077 nomine,
817 2018 861 2065 ex
885 2000 1044 2076 oratione,
1065 2006 1169 2083 atque
1192 2016 1237 2062 ex
1260 1996 1338 2060 loeo

253 2103 334 2169 libri
347 2102 469 2169 decimi
482 2100 643 2184 capae.
659 2100 859 2183 intelligitur.
881 2099 1001 2165 cetera
1014 2099 1213 2181 ignorantur·
1233 2094 1339 2161 Nem·

256 2224 322 2289 que
336 2202 379 2268 ‹le
403 2209 504 2268 aetate
521 2202 594 2286 ejus
608 2201 671 2268 viri
685 2201 778 2267 (loeti
790 2202 823 2266 in
836 2201 984 2266 mammo
999 2198 1133 2265 diversa
1146 2196 1339 2274 disoedunt3

255 2303 314 2369 alii
329 2301 491 2381 Ciceroni,
506 2302 565 2367 alii
584 2300 736 2385 Augusto
747 2301 911 2385 aqualem
923 2300 1041 2379 fnisse,
1051 2300 1110 2364 alii
1124 2300 1188 2364 sub
1201 2296 1339 2363 'l'iberlo

256 2402 313 2489 (ut
327 2400 485 2468 Ruderus
505 2408 539 2466 et
562 2400 787 2487 Perinonius),
808 2403 866 2468 alii
885 2403 949 2468 sub
963 2399 1107 2467 Claudio
1132 2398 1188 2486 (ut
1202 2397 1340 2481 Lipsius

256 2508 291 2568 et
304 2502 354 2567 Le
366 2497 517 2583 Tellier),
539 2500 598 2564 alii
621 2502 685 2566 sub
709 2500 925 2586 Vespasiano
945 2501 999 2587 (ot
1016 2499 1165 2567 Vossius
1179 2507 1213 2566 et
1228 2498 1341 2563 Frein-

256 2598 432 2684 shemius),
446 2600 503 2665 alii
517 2600 663 2686 Trojano
684 2602 879 2685 imperanto,
898 2605 956 2669 alii
975 2600 1182 2669 Constantini
1197 2598 1246 2664 ll.
1259 2604 1342 2665 tem·

256 2703 395 2787 poribus
408 2699 464 2785 (ut
477 2700 532 2766 Jo.
547 2699 670 2767 Frauo.
689 2702 713 2768 J
715 2722 765 2767 os.
780 2700 959 2787 Baguolo),
984 2703 1063 2787 quin
1088 2699 1270 2767 'fheodosii
1288 2696 1342 2783 (ut

257 2802 296 2869 C.
313 2798 498 2884 Barthius),
514 2808 561 2878 et,
577 2820 619 2866 ne
632 2802 667 2867 in
681 2821 716 2867 re
731 2801 835 2868 dubia
847 2803 951 2868 rerba
970 2820 1175 2880 consumam,
1191 2800 1250 2866 alii
1265 2798 1341 2864 aliis

255 2902 460 2985 temporibus
483 2902 611 2967 vixisse
636 2904 813 2985 probatum
835 2903 977 2968 iverunt.
1021 2900 1172 2980 Quorum
1194 2902 1342 2968 omnium

255 3008 444 3087 argumenta
467 3002 600 3067 modom
618 2986 836 3086 'praelationis
861 3003 1072 3080 excederent,
1100 3010 1135 3067 et
1161 3004 1195 3069 in
1225 3001 1342 3067 Gunzii

254 3100 301 3168 V.
315 3101 355 3168 C.
371 3100 539 3186 Prolegg.·
552 3102 728 3185 diligenter
750 3103 909 3188 exposita
924 3103 1142 3187 reperiuntur.
1185 3100 1258 3185 Ego
1274 3104 1342 3186 pri-

252 3221 345 3267 mum
357 3203 552 3267 sententiam
561 3200 740 3281 Perizonii,
751 3204 785 3268 in
794 3224 895 3289 qnam
907 3212 1076 3287 postremo
1089 3202 1216 3267 soeoulo
1228 3203 1342 3286 plures

253 3304 397 3369 viromm
422 3301 594 3373 doctorum
618 3310 841 3382 accesserunt,
866 3301 984 3368 deinde
1004 3302 1040 3368 J.
1056 3304 1110 3367 Fr.
1125 3302 1160 3368 J.
1177 3303 1341 3385 Bagnolo,

253 3404 316 3468 viri
337 3405 423 3468 iuter
444 3401 550 3467 Italos
571 3403 761 3482 clarissimi,
776 3402 817 3468 ‹le
832 3403 937 3469 Curtii
953 3408 1051 3468 aetate
1059 3402 1235 3487 judicium,
1251 3403 1342 3487 quod

253 3504 518 3569 recentissimum
532 3508 593 3580 est,
606 3522 775 3587 exponere
789 3504 874 3571 satia
887 3504 1006 3569 habeo.

297 3602 491 3667 Perizonius
505 3603 606 3685 igitur
617 3622 661 3666 ex
672 3602 780 3669 Curtii
794 3604 881 3682 loco,
894 3605 974 3670 x.ll.
988 3605 1021 3671 8.
1035 3623 1226 3689 quenquam
1236 3624 1344 3687 rugus

256 3711 310 3770 est
330 3712 365 3768 et
386 3703 529 3787 plurium
553 3704 865 3787 interpretationum
890 3706 1037 3788 patiens,
1063 3710 1161 3789 atque
1185 3724 1229 3769 ex
1252 3705 1343 3789 stylo

256 3806 319 3871 sub
332 3804 467 3870 Tiberio
482 3804 608 3868 vixisse
623 3805 835 3889 conjectarit,
851 3804 942 3871 Gurl.
957 3806 1061 3871 vind.
1076 3827 1111 3890 p.
1125 3807 1158 3872 8·
1188 3809 1199 3839 ‘
1216 3805 1343 3871 Nullus

257 3902 394 3982 dubito:
416 3905 535 3986 inquit,
559 3905 664 3987 ‘quin
689 3904 786 3970 luerit
811 3906 868 3969 ille
882 3904 1019 3984 letor,
1042 3908 1099 3989 qui
1124 3906 1159 3970 in
1177 3905 1346 3989 catalogo

259 4006 441 4073 Rhetorum
456 4004 490 4067 iu
506 4002 626 4067 Msstis
641 4004 837 4071 Suetoniani
857 4005 973 4083 libelli,
995 4005 1037 4070 (le
1058 4005 1167 4071 cleris
1187 4004 1346 4071 Rhetori-

527 4204 539 4229 ²
555 4195 632 4260 [Oua
643 4198 701 4251 laio
710 4200 840 4253 Prooenio
850 4178 987 4265 nolrjuaets
998 4200 1077 4263 tunt]
