2925 4867
330 367 461 415 sores.
486 366 525 415 ru
551 368 585 427 u.
609 366 783 417 ouarrun
811 369 881 416 nra.
905 370 930 416 r.
1132 356 1176 419 79

82 509 227 588 magistro,
244 506 379 568 ardorem
395 507 554 587 prudentia
568 518 730 587 temperare
746 508 892 569 disceret:
913 519 943 569 et
956 510 987 569 in
1003 512 1175 590 subigendis

84 605 255 669 Chersonesi
279 604 409 685 oppidis,
432 614 554 664 strenua
576 617 752 685 promtaque
765 625 856 686 opera
870 605 935 687 ejus
948 626 1021 665 usus
1035 617 1105 669 est.e
1143 615 1173 672 4.

73 703 215 761 'Ceterum
238 720 309 763 curn
334 700 372 763 ad
401 700 587 781 Byzantium,
610 702 739 762 validam
764 704 877 775 urbem,
901 702 1025 763 hereret
1049 704 1176 778 obsidio,

83 798 186 857 civibus
201 798 325 879 egregie
336 816 392 877 pro
406 797 540 858 libertate
554 800 777 877 pugnantibus3
800 805 811 833 ⁴
825 798 920 879 iisqne
935 800 1034 860 Graeci
1048 799 1177 860 barbari·

83 915 143 972 que,
155 894 266 973 quibus
283 894 471 955 ⁴incrementa
493 894 621 974 Philippi
642 906 783 973 suspecta
804 910 900 968 eraut,
918 896 1051 956 certatim
1066 896 1178 957 ausiiio

83 991 207 1049 renturi’
228 992 452 1058 nuntiarenturs
474 990 632 1070 desperata
646 992 780 1063 victoria,
796 991 827 1050 id
841 1012 933 1053 unum
948 993 1090 1072 agitabat,
1102 1012 1178 1073 qua·

82 1106 143 1147 nam
156 1088 274 1149 ratione
288 1106 377 1166 quem
392 1089 511 1148 minimo
525 1089 676 1168 copiarum
697 1099 788 1167 atque
810 1089 898 1149 samse
920 1088 1029 1149 damno
1045 1090 1084 1148 ab
1097 1090 1177 1149 obsi*

83 1181 165 1245 dione
182 1182 360 1245 discederet.
400 1186 430 1244 5.
454 1185 622 1263 lmpembat
640 1204 676 1245 eo
696 1196 827 1264 tempora
847 1184 946 1256 Getis,
966 1184 1105 1265 Scythico
1122 1204 1177 1266 po-

81 1279 157 1357 puio,
170 1279 284 1339 Atbeas
296 1299 304 1339 ε
318 1280 381 1358 qui,
395 1280 484 1339 armis
500 1280 691 1341 istrianorum
705 1297 838 1359 pressus,
852 1278 993 1339 eusiiium
1006 1298 1025 1339 a
1039 1280 1178 1360 Phiiippo

82 1375 233 1452 petiverat,
258 1392 311 1453 spe
325 1375 494 1457 adoptionis
509 1378 599 1449 iacta,
622 1376 648 1436 si
663 1376 750 1436 fassis
766 1377 907 1437 Getarum
923 1378 1011 1436 rebus
1025 1395 1179 1437 sumone*

79 1471 144 1529 ret*
188 1470 271 1531 idem
285 1471 495 1532 cambeotium
509 1472 667 1551 imperator
681 1471 958 1538 concessanuntii
972 1479 1053 1532 metu
1072 1472 1178 1533 iibera-

80 1576 135 1638 tur‚
155 1566 343 1628 Macedonas
358 1586 467 1629 vacuos
491 1569 655 1640 remiserat,
677 1586 792 1647 negans
813 1568 881 1628 ‘vei
904 1569 1034 1647 ipsorum
1057 1568 1178 1641 anxiiio,

80 1665 122 1721 rel
137 1663 302 1743 adoptione
315 1663 443 1745 Philippi
457 1665 595 1745 eguisoee
617 1662 664 1726 nui
680 1666 822 1725 aduersus
836 1665 938 1724 hostes
955 1664 1029 1723 satis
1047 1664 1191 1744 propris·⁴

80 1778 141 1818 rura
154 1759 272 1833 virium,
294 1767 326 1820 et
343 1761 373 1822 in
399 1761 620 1821 successionem
641 1760 724 1839 regni
738 1762 815 1821 filius
828 1763 930 1821 esset!
969 1764 1000 1823 6.
1022 1760 1096 1820 Eam
1110 1762 1178 1821 bar·
1281 1757 1283 1760 ’

77 1856 137 1913 bari
151 1846 371 1916 contumeliam
388 1856 519 1917 ulturum
539 1858 636 1917 ferens
659 1856 828 1938 Phiiippus,
852 1858 963 1933 omisso
978 1857 1133 1938 Byzantio,
1147 1854 1178 1916 iri

79 1950 232 2030 Scythiam
256 1953 401 2013 convertit
425 1972 545 2033 agmen.
589 1954 646 2014 Ubi
670 1964 809 2015 conserto
831 1954 944 2034 praelio,
965 1970 1034 2015 cunr
1058 1966 1179 2014 numero

79 2047 248 2125 superiores
272 2048 392 2130 Scytha
416 2060 528 2122 essent,
559 2067 615 2111 neo
639 2048 755 2110 virtutis
778 2050 943 2129 peniteret,
965 2058 1027 2108 arte
1049 2048 1179 2127 Philippi

78 2142 296 2205 Macedonibus
322 2145 445 2206 victorie
467 2146 569 2207 cessit.
610 2150 641 2211 ¹1.
663 2146 759 2226 Cujus
782 2162 869 2205 omne
890 2146 1016 2224 pretium
1039 2160 1179 2225 pecorum

75 2258 282 2320 equorumque
295 2242 413 2302 maximi
430 2262 548 2322 greges,
571 2257 601 2302 er
616 2241 782 2303 infirmioris
796 2242 894 2301 etatis
909 2258 1057 2319 sexusque
1068 2237 1180 2320 'captivi

75 2334 177 2397 inere:
200 2349 309 2399 ceterae
331 2338 441 2418 prada
463 2339 536 2397 nihii
559 2346 714 2417 esceptum
729 2349 795 2398 est:
816 2338 926 2418 qnippe
939 2338 1045 2417 opibus
1060 2337 1179 2398 minima

75 2434 241 2497 studebant
255 2434 359 2503 Getae
375 2434 428 2495 sed
443 2434 618 2514 quotidiano
634 2434 712 2493 rictu
727 2435 872 2506 mutanti,
884 2444 1090 2515 paupertatem
1103 2435 1181 2493 inter

75 2530 143 2589 rita
158 2530 320 2591 commoda
335 2532 541 2591 numerabant.
582 2530 612 2588 8.
631 2530 774 2595 Ceterum
792 2546 862 2588 cum
882 2548 918 2589 es
943 2528 1067 2609 Scythia
1079 2546 1179 2608 regre-

74 2624 173 2698 diens,
197 2626 291 2705 longo
305 2626 579 2705 impedimentorum
594 2626 722 2705 agmine,
748 2643 801 2704 per
813 2625 961 2685 Tribaiios
975 2626 1031 2685 iter
1050 2626 1178 2692 facerett

73 2722 113 2781 iiii
136 2724 319 2804 opportunis
345 2722 419 2783 locis
443 2723 596 2801 occupatis
623 2722 781 2782 transitum
804 2722 965 2800 negabant,
991 2722 1046 2781 nisi
1069 2722 1180 2803 praedes

71 2832 192 2898 partem
206 2818 369 2900 accepturi.
409 2821 451 2878 ·9.
473 2820 566 2877 Erant
580 2818 610 2878 in
624 2819 753 2879 exercitu
767 2818 897 2897 Philippi
909 2819 1080 2877 mercenarii
1094 2819 1180 2878 Grae·

73 2930 178 2975 corum
194 2915 316 2987 milites,
341 2914 443 2994 quiet
468 2914 535 2995 ipsi,
561 2934 629 2975 cum
652 2913 682 2977 iu
703 2913 880 2973 discriminis
892 2924 1007 2991 partem
1019 2914 1181 2986 venissent,

70 3010 301 3072 commodorum
314 3022 447 3071 exsortes
470 3010 571 3069 haberi
591 3004 716 3071 moleste
737 3010 894 3070 ierebant'
935 3008 1009 3069 Inde
1022 3022 1087 3069 orta
1101 3009 1181 3069 sedi·

69 3107 152 3166 tione
169 3106 213 3166 ad
229 3122 334 3167 manus
348 3117 470 3166 rentum
483 3115 552 3165 est:
573 3115 634 3165 tarn
649 3105 894 3177 numinenumine,
917 3116 952 3165 ut
964 3105 1064 3166 multis
1078 3105 1181 3165 utnm·

40 3226 43 3233 ’
69 3222 128 3281 que
144 3202 330 3264 cadentibus
345 3202 433 3263 etiarn
451 3220 503 3261 rex
518 3201 717 3269 enumeratum
739 3202 904 3262 transfosso
916 3200 1037 3272 temore,
1061 3200 1181 3260 eodem-

70 3319 129 3378 que
144 3298 276 3359 vninere
290 3299 443 3359 interiecto
459 3316 556 3377 equor
577 3308 662 3358 tanta
673 3298 717 3357 vis
731 3297 830 3358 adacti
844 3299 906 3369 teii,
930 3306 1073 3374 tantsque
1087 3297 1180 3354 virtus

69 3396 234 3457 inferentis
246 3395 337 3455 ictum
352 3396 417 3456 fuit.
455 3398 503 3455 10.
520 3394 563 3455 ibi
577 3404 640 3452 tum
654 3403 723 3452 ante
736 3410 840 3453 omnes
854 3392 992 3471 prosiluit
1002 3390 1181 3462 Alexander,

63 3491 287 3571 jacentemque
307 3492 413 3571 clypco
436 3502 607 3571 protegens,
628 3488 800 3550 irruentium
820 3489 851 3546 in
873 3505 941 3548 eum
965 3488 1041 3550 alios
1061 3487 1182 3559 accidit,
1306 3544 1309 3549 .

68 3588 145 3649 aiios
162 3588 278 3648 avertit
291 3587 320 3646 is
336 3589 449 3666 iugem.
494 3588 541 3647 ita
563 3585 616 3647 iiiii
640 3587 752 3665 pietate
775 3597 910 3645 serratus
933 3595 993 3655 est,
1017 3584 1182 3645 absceden-

68 3685 149 3745 tibus
165 3683 227 3765 qni
240 3684 411 3763 oppressuri
426 3684 562 3751 sacrante
583 3701 620 3743 eo
643 3683 799 3763 promtius,
822 3681 903 3761 quod
916 3681 1102 3741 interiectum
1115 3700 1180 3740 cre-

67 3780 240 3841 diderant:
262 3780 305 3840 sic
328 3780 385 3859 ipsi
408 3778 537 3841 vulneris
552 3779 700 3853 atrocitati
713 3780 801 3840 sitam
815 3778 952 3839 debuisse
965 3777 1059 3845 visus,
1080 3775 1181 3834 mortis

67 3876 221 3958 opinione
236 3885 360 3935 moroern
374 3874 498 3953 cffugit:
512 3874 614 3953 prada
627 3874 703 3934 iuter
716 3874 985 3954 consternationem
1000 3874 1110 3931 amissa
1123 3882 1180 3931 est.

69 3976 116 4031 ii.
141 3975 295 4033 Ceterum
308 3990 345 4029 ex
358 3969 477 4031 ruinose
491 3970 661 4033 claudicare
684 3970 829 4042 coactus,¹
846 3987 914 4029 cum
939 3968 1022 4030 initio
1035 3987 1102 4028 eam
1115 3987 1182 4029 cor·

97 4146 108 4173 ‘
126 4134 294 4189 discrimen.
306 4137 331 4182 1.
658 4132 826 4196 ctesiphont.
843 4094 847 4097 ἱ

97 4214 110 4247 ⁴
127 4213 244 4266 sustin.
267 4220 308 4259 rx.
327 4213 351 4260 2.
374 4208 508 4271 Esobises
531 4216 614 4261 contr.
688 4216 700 4241 ·
715 4208 790 4256 Cart.
803 4202 1150 4257 rsrr.r.2s.Jurnn.1s.a.
