2925 4867
383 322 983 401 swmmmmwmn
1117 322 1225 391 ’Μ

120 482 187 566 ipse
201 484 352 566 concepit,
373 493 406 545 ut
423 484 485 564 jam
508 483 572 544 sine
597 493 680 563 patre
701 466 789 544 rebus
804 481 944 562 gerendis
958 502 991 543 se
1008 500 1109 562 parem
1123 484 1226 545 existi-

123 591 228 639 maret.
258 582 335 641 lloee
348 600 400 661 per
411 580 560 639 biennium
576 590 671 659 gesta.
708 582 758 640 20.
772 578 929 658 Philippus
940 587 1039 639 autem
1052 581 1226 659 preparatis

124 678 273 750 omnibus,
294 698 363 757 quae
384 677 453 737 olim
475 676 676 737 destinauerat
698 677 805 755 exequi
824 685 973 736 maturum
986 687 1079 750 ratus,
1104 689 1226 757 exopta·

124 773 241 835 tissima
254 776 412 835 occasione
426 773 537 845 oblata,
560 784 629 834 ante
642 774 758 834 initium
771 774 847 833 veris
861 793 930 834 cum
944 774 1072 833 exercitu
1093 774 1124 833 in
1140 775 1227 835 Gras-

125 868 202 929 eiam
214 870 315 936 venitr
337 870 515 945 convocatis
534 870 621 949 etiam
646 889 683 929 ex
704 869 914 948 Peloponneso
935 870 1028 950 copiis
1048 870 1227 930 sociorum.-

126 968 178 1027 21.
200 965 318 1045 Quippe
332 964 578 1046 Amphictyonum
592 966 711 1027 decreto
726 978 843 1028 creatus
856 979 920 1029 erat
933 968 1092 1046 imperator
1105 968 1227 1029 Graeco·

125 1080 204 1134 rum,
215 1062 445 1125 utinsolentiam
457 1064 626 1137 Locrorum,
636 1064 686 1143 qui
695 1064 885 1143 Amphissam
896 1062 1039 1135 incolunt,
1049 1064 1226 1145 castigaret:

126 1176 257 1235 neroque
271 1157 444 1237 Cyrrhmum
458 1178 559 1241 agrum
574 1158 704 1239 Apollini
724 1159 867 1233 dicatum,
891 1160 1141 1239 Amphictyonum
1156 1180 1228 1223 auo-

126 1253 247 1315 toritate
261 1264 420 1327 contemta,
433 1256 530 1316 colere
546 1258 785 1335 perseverabant,
800 1257 965 1336 ducemque
975 1258 1014 1317 ab
1028 1256 1074 1317 his
1085 1268 1228 1329 creatum,

123 1351 292 1411 intereuntis
317 1351 506 1433 quibusdam,
534 1351 767 1413 vulneraverant
828 1356 877 1414 22.
908 1354 981 1419 Erat
1003 1363 1067 1414 tum
1092 1354 1229 1437 Philippo

126 1445 228 1505 loedus
252 1466 319 1507 cnm
342 1446 585 1521 Atheniensibus,
613 1449 667 1510 sed
691 1468 798 1529 parum
824 1450 855 1509 in
879 1469 916 1510 eo
939 1451 1071 1531 presidii
1096 1452 1229 1512 loturum

128 1539 358 1614 arbitrabantur,
381 1542 406 1601 si
428 1543 491 1621 regi
514 1543 662 1605 violandas
686 1544 755 1605 fidei
778 1565 891 1606 meroes
916 1545 1087 1609 affulsisset.
1138 1549 1231 1628 igitur

125 1636 248 1715 legatos
261 1634 300 1695 ad
321 1636 418 1715 ipsum
431 1639 564 1712 mittunt,
578 1640 735 1723 petituros,
756 1650 814 1701 ‘ut
832 1643 928 1722 pactis
954 1653 1046 1703 staret
1055 1666 1064 1714 ;
1084 1654 1137 1704 aut
1150 1653 1230 1705 certe

128 1744 202 1791 ante
226 1748 276 1791 rer
299 1732 433 1793 adultum
454 1735 527 1794 nihil
551 1734 657 1797 hostile
678 1738 849 1799 moliretur:
872 1738 1101 1799 deliberaturum
1119 1741 1231 1801 interea

126 1827 272 1908 populum
287 1828 508 1903 Atheniensem,
522 1848 582 1911 qua
596 1832 709 1892 ratione
723 1834 953 1906 controversim‚’
971 1856 1040 1913 qum
1053 1836 1230 1910 inciderant,

128 1925 289 2004 ‘componi
313 1926 457 2005 possent.'
497 1930 547 1985 23.
568 1927 685 1987 Thebas
710 1948 828 2009 quoque
854 1929 1034 2009 legationem
1058 1930 1231 2001 decernunt,

127 2038 200 2099 qum
213 2021 349 2099 exposito
370 2026 379 2057 ‘
391 2022 538 2082 communi
552 2022 704 2103 periculo,’
717 2025 894 2096 hortaretur,
909 2032 961 2085 ‘ut
975 2026 1062 2085 simul
1076 2046 1143 2087 eum
1158 2027 1231 2106 ipsis

126 2116 254 2179 tutelam
275 2118 402 2177 Grmeiee
427 2118 630 2199 susciperent!
681 2118 742 2179 Sed
764 2119 939 2200 Philippus·
967 2138 1018 2199 per
1042 2121 1176 2201 hospites
1200 2132 1232 2183 et

128 2213 254 2285 amicos,
276 2233 401 2293 quorum
422 2215 585 2287 Timolaus,
606 2215 833 2293 Theogitonqne
846 2225 879 2275 et
891 2216 1061 2276 Anemoetas
1075 2215 1234 2297 plurimum

128 2309 214 2390 apud
234 2310 312 2371 eires
336 2330 406 2371 suos
424 2322 573 2390 poterant,
588 2310 747 2370 Thebanos
761 2311 790 2370 in
805 2311 933 2370 amicitia
946 2311 1147 2371 Macedonum
1160 2331 1234 2374 corr·

129 2407 232 2467 tinnit.
273 2410 325 2466 24.
341 2407 495 2484 Ratusque
510 2408 535 2465 si
549 2426 617 2467 cum
631 2405 704 2466 solis
719 2406 949 2466 Atheniensibus
964 2407 1063 2468 lutura
1076 2428 1123 2469 res
1142 2418 1239 2482 esset„

128 2502 220 2563 facile
240 2522 275 2563 se
294 2504 473 2583 superiorem
497 2502 570 2575 lore,
594 2502 680 2562 uictis
704 2502 743 2563 ad
758 2502 948 2582 Amphissam
959 2504 1060 2565 Locris
1073 2505 1242 2584 eorumque'

130 2600 241 2667 sociiss
264 2600 295 2658 in
310 2598 465 2660 Procidem
480 2600 586 2678 raptim
601 2600 712 2661 ductoo
735 2600 863 2677 agmine,
886 2597 1019 2659 Elsteam
1033 2602 1141 2661 finibus
1154 2602 1234 2663 The·

128 2698 277 2756 banorum
290 2694 375 2755 simul
385 2695 669 2774 Atheniensiumque
681 2694 880 2754 imminentem
892 2707 1029 2774 occupat,
1038 2694 1235 2778 impositoque

129 2791 284 2873 prasidio,
296 2792 379 2851 velut
392 2791 421 2850 in
436 2792 507 2853 belli
522 2792 634 2863 sedern,
646 2792 784 2869 operibus
799 2792 903 2850 munit.
920 2836 923 2841 .
945 2794 996 2851 25.
1017 2791 1088 2870 Ejus
1103 2794 1144 2852 rei
1158 2814 1235 2854 nuu-

130 2888 192 2947 tius
206 2898 298 2948 noctu
312 2887 446 2949 Athenas
460 2889 591 2967 perlatus
606 2900 689 2949 tanta
704 2888 901 2967 trepidatione
914 2888 1017 2948 urbem
1037 2889 1180 2967 implevit,
1202 2900 1237 2951 nt

130 3004 202 3046 cnm
216 2983 311 3062 primo
333 2983 463 3044 diluculo
477 2985 604 3065 populus
627 2985 657 3044 in
681 2984 856 3044 concionem
877 2984 1019 3055 venisset,
1040 2984 1183 3046 invitante
1197 3008 1237 3047 ex

130 3098 215 3141 more
228 3098 377 3161 praecone,
391 3082 462 3159 ‘qui
477 3080 605 3141 salutare
620 3082 723 3161 patriae
734 3080 891 3140 consilinm
904 3079 1036 3153 haberet,
1050 3082 1092 3140 nti
1106 3081 1239 3166 diceret,t

132 3194 224 3237 nemo
246 3177 414 3236 surrexerit.
456 3179 506 3237 26.
530 3178 634 3238 Donec
654 3176 873 3237 Demosthenes
895 3177 1091 3255 congruentia
1112 3177 1237 3256 tempori

132 3273 298 3344 disserens,
313 3272 485 3351 persuasit?
506 3278 560 3335 ‘ut
581 3294 597 3333 e
612 3273 737 3352 vestigio
750 3271 857 3332 classis
872 3282 902 3332 et
914 3271 1059 3331 exercitos
1074 3271 1252 3333 educeres--

134 3381 202 3437 tur:
224 3367 359 3447 allegati
372 3378 435 3427 tum
454 3367 493 3428 ad
508 3378 622 3430 ceteros
638 3369 775 3435 Grecos.
798 3378 861 3427 turn
874 3366 1006 3446 inprimis
1020 3365 1060 3427 ad
1078 3366 1237 3429 Thebanos

133 3465 322 3525 mitterentur
333 3462 351 3525 :’
364 3464 394 3523 in
410 3464 487 3525 hano
501 3466 681 3525 sententiam
694 3463 815 3523 decreto
829 3463 920 3535 tecto,
932 3462 1044 3523 Chares
1061 3472 1091 3522 et
1106 3464 1236 3546 Lysioles

134 3562 289 3643 copiarum
313 3560 504 3639 imperatores
518 3559 683 3633 constituti,
698 3557 919 3629 Demosthenes
933 3557 1091 3639 legationis
1107 3560 1145 3619 ad
1159 3560 1237 3624 'l’he-

133 3660 232 3718 bunos
251 3655 410 3736 princepsl
430 3656 472 3715 ire
489 3656 593 3735 jussus
608 3664 663 3715 est.
709 3657 759 3716 27.
781 3654 851 3715 Non
864 3653 1009 3716 fefellerat
1023 3676 1060 3716 ea
1072 3676 1120 3717 res
1135 3657 1238 3716 Mace·

135 3754 226 3814 donis
243 3752 401 3827 solertiam,
423 3751 554 3832 satisque
577 3750 786 3833 prospiciebat,
811 3759 924 3829 quanta
935 3751 1005 3811 belli
1020 3752 1113 3812 moles
1128 3750 1239 3813 oritura

134 3859 231 3923 esset,
252 3849 277 3908 si
304 3850 379 3909 inter
405 3848 480 3909 istos
507 3849 633 3930 populos
659 3848 756 3909 loedns
784 3848 983 3909 convenisset.
1038 3850 1089 3908 28.
1121 3844 1238 3929 Quippe
1262 3872 1265 3875 ⁴
1292 3917 1295 3922 Α

168 4046 189 4073 ·
205 4037 319 4089 AErcblm
330 4045 417 4090 contr.
430 4037 546 4103 ctesiph.
712 4051 772 4088 xvr.
786 4052 812 4101 p.
823 4040 880 4090 stt.

170 4122 184 4147 ¹
200 4114 339 4165 Demosth.
348 4114 381 4164 de
393 4116 503 4167 Corona.
742 4122 756 4156 Ρ
772 4112 907 4164 Demosth.
918 4115 951 4164 da
961 4116 1072 4167 Corone.

170 4176 672 4257 mmmmmmm
745 4161 1205 4244 ει>ιιιιι.ι.ι)ῑωι.εκ.ι.ι.4

205 4270 329 4335 Πάριαι
346 4270 478 4322 Venetas.
634 4272 666 4328 Q.
679 4270 749 4320 Cart·
1155 4270 1177 4320 F

1008 4452 1018 4503 l
