2925 4867
222 461 226 468 ι
354 391 546 442 suern-nr
574 393 607 453 c.
631 393 804 450 cunctus
833 396 904 446 ιιι.
928 397 967 446 ιι.
1134 383 1198 451 127

99 531 209 594 Derim
220 531 399 607 crediderat,
411 553 479 594 eam
488 532 672 614 principibu
683 537 906 610 Sardianorum,
915 541 1016 602 urbem
1030 561 1198 624 arcemque,

98 640 128 689 et
140 629 309 709 pecuniam,
320 647 392 708 qno
403 628 436 688 in
448 649 486 690 ca
496 629 731 706 custodiebatur,
745 633 890 696 tradimri.
935 639 981 698 12.
1005 636 1119 706 Quibus
1139 641 1192 700 he-

95 726 189 805 nigne
202 725 387 806 cacept'ud
397 726 540 788 llermum
552 727 673 790 durium
687 730 1010 811 progreditur,lriginti
1019 733 1080 794 iere
1091 735 1197 798 studiie

95 823 135 880 ch
165 823 237 884 urhe
260 823 441 885 &natent
471 824 511 884 ibi
535 825 644 886 castris
672 827 788 906 positis,
814 830 972 907 Amyntam
999 830 1197 893 Andromccis

94 915 243 979 hlium-ad
257 919 454 999 recipiendam
469 937 566 979 arcem
577 922 739 1000 premittit.
777 925 822 982 1³.
837 923 882 983 Ea
895 925 1038 1005 precelso
1052 926 1198 1002 lucosita,

94 1012 211 1075 fflicili
223 1016 415 1096 undiqueque
428 1014 522 1090 adite,
542 1016 685 1079 adversus
703 1037 923 1099 quamcumque
944 1023 1002 1082 rim
1029 1025 1120 1085 teneri
1143 1043 1197 1104 po·

94 1121 205 1184 tuerat,
222 1113 339 1173 etiamsi
362 1131 475 1184 muns,
498 1111 550 1190 qui
575 1113 682 1193 triplici
703 1115 887 1175 munimento
909 1115 990 1178 illam
1014 1120 1196 1193 circumibat,

94 1207 251 1270 abfuisset.
293 1210 372 1288 Ergo
392 1208 527 1269 felicitati
547 1228 611 1271 snse
634 1211 812 1289 gratulatus,
834 1212 914 1291 quod
935 1216 1134 1294 ampliosimas
1148 1237 1196 1278 res

95 1306 199 1366 enimn
211 1306 389 1377 volventem,
402 1324 456 1364 arx
466 1305 662 1366 munitissima
668 1305 761 1386 longe
768 1307 925 1368 obsidione
936 1327 995 1368 non
1005 1309 1197 1391 implicasset,

94 1400 166 1460 lori
179 1401 319 1481 Olympio
331 1402 473 1481 templum
486 1401 526 1462 ibi
540 1421 649 1480 ponere
662 1401 811 1463 decrerit.¹
854 1404 902 1464 14.
924 1405 1059 1486 Cumque
1079 1408 1196 1472 solicite

89 1498 344 1578 circumspiceret,
357 1496 479 1577 quinam
491 1496 576 1558 lucras
589 1498 771 1578 accipienda
792 1498 850 1570 redi
871 1501 996 1563 maxime
1011 1521 1196 1583 opportunus

93 1594 183 1666 iuret,
207 1593 363 1654 confestim
381 1605 488 1654 exortu
508 1593 669 1667 vehemens
689 1596 964 1674 tempestaemnlto
978 1598 1070 1660 imbre
1083 1612 1196 1680 partem

93 1688 174 1749 arcis
185 1688 328 1768 perfudit,
339 1690 391 1749 ubi
404 1701 490 1750 retus
504 1688 652 1768 Lydorum
667 1691 747 1770 regie
760 1691 864 1750 inerat.
891 1692 965 1753 Eam
980 1693 1080 1774 itaque
1094 1696 1197 1758 sedem

94 1797 172 1845 neta
185 1785 317 1845 Deorum
328 1785 471 1846 destinmi
485 1782 620 1860 credens,
634 1787 796 1868 ‘templum
811 1783 851 1850 ibi
859 1789 1001 1850 constitui
1015 1791 1022 1815 '
1029 1791 1130 1870 juarit.
1149 1797 1197 1856 15.

93 1881 165 1942 Arei
179 1881 290 1942 deinde
302 1881 481 1943 Pausaniam
495 1903 532 1942 ex
546 1883 709 1942 amicornm
720 1883 842 1944 cohorte
862 1887 1025 1965 preponitr
1047 1890 1195 1950 attributis

93 1978 272 2056 Argivorum
279 1977 413 2046 auxiliis3
424 1989 541 2038 cctems
551 1977 698 2042 semorum
706 1979 811 2058 copias
821 1998 889 2040 curn
900 1980 1014 2040 Calact
1025 1981 1195 2046 Alexandro

94 2074 197 2153 AEropi
209 2074 273 2133 lilio
290 2074 323 2132 in
344 2073 513 2133 Memnonis
533 2073 740 2152 pretectorem
760 2075 907 2138 immittit:
928 2075 1122 2156 vectigalibus
1143 2081 1194 2142 tri-

90 2169 234 2248 buticquc
244 2168 422 2249 colligendis
434 2169 550 2230 Niciam
559 2169 710 2249 quendam
721 2171 858 2250 preficit:
882 2171 1050 2232 Asandrum
1067 2173 1195 2236 Philotae

91 2265 186 2325 flium
202 2263 316 2345 lqdioe,
338 2263 447 2343 quibus
468 2264 802 2345 finihasspithridater
824 2267 991 2328 tenuisset:
1013 2268 1076 2329 dati
1099 2271 1138 2330 ad
1163 2273 1194 2332 id

91 2360 211 2439 equites
223 2379 293 2421 cum
303 2360 450 2439 expeditis
463 2360 645 2433 cohortibus,
664 2372 738 2440 qnot
758 2364 787 2422 in
803 2364 962 2444 presentia
976 2363 1125 2428 suffecturi
1138 2387 1194 2447 pn-
1257 2407 1264 2421 .

89 2456 245 2518 tehentm.
268 2457 319 2518 16.
335 2457 434 2537 hydor
451 2476 555 2517 omncs
566 2459 627 2518 snis
636 2459 752 2538 legibue
761 2458 852 2521 libere
864 2461 908 2520 uti
922 2462 1053 2540 permisit
1063 2473 1113 2530 :ct
1126 2465 1196 2542 quie

86 2551 257 2614 Sardium
271 2554 493 2633 utrumquem
513 2554 714 2614 ‘Colodrcm'
735 2553 866 2630 vocant*
874 2555 968 2616 cultui
982 2556 1099 2618 deditur
1122 2579 1194 2640 cog-

27 2648 33 2658 '
88 2659 229 2720 nuserat,
241 2648 321 2709 illins
333 2647 503 2727 templojns
517 2647 593 2728 asyli
605 2649 857 2728 gratificatuaest.
893 2649 1063 2712 Mithrenem
1076 2652 1194 2715 honori-

75 2745 148 2809 ,hcc
160 2763 265 2806 secum
273 2728 385 2817 hebuit,
398 2756 435 2804 ut
446 2750 511 2824 ejus
524 2744 660 2824 exemplo
673 2755 704 2805 et
714 2745 790 2806 alios
801 2745 840 2805 erl
850 2744 1046 2825 proditionem
1055 2747 1193 2812 illiceret:

87 2842 273 2920 procedente
281 2852 414 2922 tempore
427 2851 459 2901 et
471 2842 639 2901 Armeniam
651 2840 763 2904 homini
773 2841 932 2921 regendum
945 2844 1112 2906 commisitt
1145 2849 1193 2908 17.

87 2939 235 2999 Ceterum
248 2938 369 3017 reperds
382 2937 414 2997 in
429 2957 497 2998 osce
509 2936 628 3009 libellis,
642 2938 673 2998 in
687 2939 794 3017 qnihne
808 2938 885 2998 inter
902 2949 1002 3000 cetera
1023 2943 1194 3023 perscriptae

85 3045 178 3094 erant
190 3034 375 3114 largitiones,
388 3035 428 3094 ob
440 3033 551 3094 bellum
566 3033 780 3094 Macedonibus
795 3035 823 3094 in
840 3033 959 3095 Graecia
969 3035 1160 3098 conflandum
1176 3060 1195 3100 a

88 3131 222 3209 satrapis
232 3129 332 3201 iaotre,
347 3129 489 3209 cognorit
509 3128 740 3190 Demosthenem
762 3149 827 3190 eam
848 3131 887 3191 ob
909 3150 1032 3191 caueam
1053 3152 1193 3212 magnum

87 3227 155 3286 euri
168 3225 290 3305 pondus
311 3224 514 3306 accepisset·
529 3225 626 3306 cujus.
643 3226 731 3286 etiam
759 3226 893 3305 epistolae
921 3226 962 3286 ibi
989 3228 1191 3290 servabantur.

92 3323 142 3381 18.
155 3319 220 3382 Sed
233 3321 304 3400 qnia
312 3340 390 3402 pace
403 3339 471 3380 cnm
481 3319 712 3381 Atheniensibus
726 3320 800 3380 inita
810 3331 961 3380 transacta
974 3341 1021 3382 res
1035 3332 1107 3395 erat,
1119 3323 1192 3384 nihil

87 3437 124 3478 ea
136 3417 180 3478 dc
194 3436 227 3477 rc
238 3417 340 3497 palam
352 3426 535 3496 conquestus
548 3427 611 3484 cett
626 3426 755 3477 ceterum
770 3416 925 3477 intentiore
935 3435 1007 3477 cura
1019 3417 1193 3497 agitandum

86 3513 221 3584 curauit,
234 3511 383 3591 quomodo
397 3511 540 3572 adsersus
553 3513 704 3573 efficacem
717 3511 773 3572 riri
791 3512 990 3592 eloquentium
1013 3513 1140 3575 Athenee
1163 3517 1192 3575 in

85 3609 193 3670 officio
204 3608 439 3680 continerentur,
453 3627 509 3668 sun
522 3607 689 3670 deiectione
701 3601 869 3670 universum
880 3609 1027 3670 Groeciam
1043 3610 1072 3670 in
1094 3622 1192 3692 partos

85 3716 255 3766 nectere:
275 3721 363 3765 nemo
375 3704 551 3765 occurrebat
564 3704 716 3765 Phocione
727 3703 857 3784 dignior,
871 3704 955 3783 cujus
970 3705 1043 3766 mira
1054 3706 1191 3768 innocen·

83 3804 141 3872 tie,
156 3811 191 3862 et
204 3800 244 3859 ob
257 3799 455 3861 constantiam
468 3799 584 3860 virtutie
595 3800 743 3863 honorata
753 3813 913 3880 paupertas
929 3811 1003 3860 erat.
1047 3801 1094 3860 19.
1117 3801 1192 3860 Eum

85 3917 175 3979 crgo,
188 3895 316 3976 primunr
329 3898 368 3956 ob
381 3915 479 3971 usum,
494 3896 647 3980 deludent
658 3895 785 3957 hominis
800 3895 1070 3974 magnanimitatem
1092 3895 1192 3958 multis

118 4073 133 4107 ὓ
149 4070 314 4123 Articuli.
694 4070 701 4105 ¹
717 4071 793 4121 Curt.
803 4083 832 4121 r.
843 4075 866 4120 1.
877 4073 920 4121 tt,

119 4147 251 4199 Ι11111.
694 4155 713 4181 “
729 4145 810 4198 Diod.
826 4145 879 4196 Sic.
893 4158 971 4210 ¹run.
987 4151 1092 4211 putot·
1120 4149 1193 4200 Plut.

117 4221 244 4274 ι811111.
255 4231 321 4272 xus.
331 4235 358 4286 p.
369 4224 427 4272 111.
664 4221 801 4273 Demosth.
812 4235 839 4286 p.
849 4225 906 4271 811.
