2925 4867
256 352 279 417 2
401 436 406 447 q
707 341 900 413 saissouuL

301 508 388 575 Huec
412 523 494 571 vero
517 502 702 569 Alexandri
723 522 824 588 quam
848 520 917 567 uou
940 501 1121 569 dissimilia
1143 504 1228 570 sorti
1252 504 1342 569 tout

258 611 407 677 Heroum
421 607 523 689 stirpe
537 604 644 671 luisse
664 611 884 689 prognatum
912 609 1081 688 parentem
1102 604 1263 669 habuisse
1278 622 1344 668 uon

256 712 298 776 de
321 706 557 794 amplificando
579 706 687 789 ineps
711 705 867 788 imperio,
887 722 988 786 quam
1013 704 1056 769 de
1078 703 1149 770 tilio
1171 704 1344 770 educando

256 810 444 889 solicitum
473 808 507 871 iu
536 812 673 871 aetatem
694 804 865 882 incidisse,
887 804 1095 886 ingeniorum
1118 812 1285 888 prouentu
1310 813 1344 871 et

256 912 401 977 omnium
439 909 556 975 mum
594 905 795 989 perfectione
827 904 1066 984 clarissimam
1101 904 1186 969 inter
1213 904 1344 987 palmas

256 1011 505 1096 triumphosque
525 1006 642 1092 patris,
661 1014 697 1070 et
717 1005 918 1070 incrementa
930 1006 1020 1087 regni
1037 1004 1248 1071 Macedonici
1262 1005 1344 1071 ado·

255 1114 398 1192 levisse;
419 1108 559 1177 bellicos
573 1108 664 1173 illius
677 1107 811 1173 labores
824 1104 1011 1171 mitioribus
1025 1104 1235 1171 aemulantem
1249 1106 1343 1172 labo·

255 1214 359 1291 ribus,
374 1220 409 1276 et
424 1209 498 1276 orbi
513 1208 682 1291 quondam
707 1206 850 1291 regendo
875 1212 967 1271 certa
992 1205 1152 1291 praesidia
1167 1204 1343 1271 Musarum

255 1314 289 1377 in
304 1313 380 1377 sinu
395 1316 650 1395 comparantem.

298 1411 430 1477 Similia
445 1411 514 1475 tuis
533 1409 608 1474 huuc
623 1408 708 1487 dixi,
723 1427 787 1473 nou
801 1410 907 1493 paria.
950 1406 1038 1487 Quis
1056 1406 1145 1473 euim
1169 1406 1343 1472 Ludovicc

255 1511 381 1595 Magno
399 1508 605 1595 Philippum,
624 1508 701 1593 quis
721 1506 847 1574 Gallim
872 1507 1108 1574 Macedoniam
1133 1506 1342 1591 mquaserit'l

254 1612 321 1677 Sed
337 1616 463 1695 quanto
487 1611 565 1675 haec
591 1609 655 1673 tihi
676 1610 810 1692 potiora
835 1609 997 1692 obtigisse
1021 1627 1121 1692 quam
1149 1608 1344 1673 Alexandro

253 1713 389 1791 senties,
411 1730 488 1796 qum
510 1714 627 1775 natura
649 1728 793 1794 qumque
815 1709 947 1775 lormna
970 1710 1136 1774 concessit
1160 1708 1344 1788 hactenus;

253 1818 348 1877 muto
371 1812 492 1891 acuns,
507 1810 585 1880 dum
606 1812 679 1880 hmo
706 1810 810 1895 loges,
834 1810 955 1878 mitens
976 1808 1112 1877 scillcet
1134 1808 1247 1876 omnia
1269 1808 1344 1891 ejus

253 1912 376 1978 decora
387 1926 454 1977 non
468 1910 605 1995 assequi
620 1909 732 1988 modo,
747 1909 808 1975 sed
821 1911 973 1975 vincere:
996 1913 1044 1987 ut,
1060 1914 1176 1974 onuba
1187 1928 1287 1993 quam
1301 1909 1343 1973 de

252 2013 311 2078 illo
326 2011 496 2097 proditum
511 2016 574 2089 est,
588 2010 782 2075 felicitatem
799 2016 893 2073 tuam
907 2008 1034 2093 maJ'ore
1047 2025 1091 2071 ex
1105 2015 1201 2091 parte
1216 2008 1342 2086 uirtuti,

252 2131 352 2196 quam
365 2112 520 2189 fortuna,
535 2109 693 2176 debuisse
709 2118 744 2175 te
759 2108 937 2192 posteritas
951 2106 1119 2192 predicet.

295 2211 331 2277 N
331 2232 370 2277 ec
387 2230 479 2290 vero,
499 2210 535 2277 id
550 2218 589 2276 ut
603 2214 755 2293 praestes,
768 2208 924 2274 sabulosa
937 2206 1001 2271 tibi
1017 2211 1076 2272 aut
1093 2204 1274 2291 longinqua
1286 2206 1344 2271 Li·

251 2312 335 2389 beri,
350 2311 522 2388 Herculis,
537 2318 573 2375 et
588 2308 732 2375 Achillis
756 2306 914 2390 exempla
928 2305 972 2370 cb
987 2306 1106 2371 oculos
1122 2306 1290 2389 ponenda,
1303 2315 1343 2373 ut

251 2411 346 2478 olim·
360 2408 565 2485 Alexandro,
588 2408 729 2477 luerint:
754 2408 814 2490 qui
834 2406 1054 2473 domesticum
1076 2414 1111 2471 et
1136 2425 1284 2490 presens
1309 2406 1344 2474 iu

251 2509 495 2593 augustissimo
509 2514 646 2593 parente
664 2507 792 2574 habeas
817 2505 993 2585 ludovico
1014 2504 1148 2589 Magno.
1192 2505 1273 2576 Huc
1294 2507 1345 2574 iu-

251 2618 362 2687 tuens,
387 2627 500 2675 carere
525 2607 647 2677 ceteris
671 2612 781 2691 putes·
823 2604 925 2677 Illum
946 2605 1059 2671 mirari
1081 2625 1123 2677 ac
1148 2605 1345 2690 praedicare,

252 2709 400 2778 omnium
423 2715 492 2776 est:
522 2708 647 2776 imitari
667 2713 843 2791 praeterea,
866 2713 970 2777 tuum.
1013 2706 1131 2792 HuJ'us
1153 2707 1343 2782 ametando

251 2810 388 2893 gloriam
402 2808 603 2890 cumulabis,
616 2828 683 2878 nou
694 2808 835 2881 minum.
878 2805 980 2876 Hauc
993 2806 1052 2879 illa
1063 2826 1128 2879 suo
1141 2807 1175 2872 iu
1189 2814 1223 2876 te
1236 2810 1344 2878 amori

250 2909 360 2977 vicem
374 2908 525 2993 rependi,
539 2908 605 2980 buc
620 2907 692 2982 suis
718 2906 895 2981 virtutibus
916 2906 1062 2994 elogium
1084 2904 1237 2976 αᾱοωαιὶ
1256 2925 1277 2974 a
1296 2915 1342 2985 te,

251 3027 314 3092 pro
330 3028 394 3079 suo
403 3008 480 3093 jure
494 3007 662 3092 postulat.

295 3108 371 3174 Nec
386 3114 508 3187 tamem
523 3110 553 3173 si
566 3099 651 3173 uuus
671 3107 734 3173 tihi
755 3105 949 3174 ludovicus
970 3108 1119 3174 omnium
1140 3108 1248 3183 instar
1266 3127 1343 3180 esse

250 3212 373 3293 potest,
402 3208 483 3283 uihil
509 3214 686 3293 propterea
713 3207 895 3291 uoluptatis
921 3214 991 3278 aut
1005 3208 1136 3278 fructum
1165 3226 1210 3276 ex
1238 3207 1341 3292 buJ'us

250 3308 436 3379 Alexandri
462 3312 604 3391 aspectu
629 3307 765 3391 capies:
787 3308 861 3374 sire
883 3306 1026 3373 altarum
1044 3308 1079 3376 in
1093 3306 1208 3385 dmm,
1221 3308 1294 3373 sive
1307 3308 1342 3377 in

251 3413 394 3490 utroque
407 3414 441 3470 te
455 3406 672 3491 contemplari
696 3404 853 3477 volueris.
894 3404 949 3474 Ita
961 3404 1021 3472 fiet
1040 3412 1081 3474 ut
1096 3406 1133 3471 in
1145 3404 1341 3483 Alexandro

252 3504 380 3587 Magus
403 3504 612 3577 ludovicum
637 3504 800 3589 Magnum
818 3504 951 3586 minen,
976 3525 1101 3586 amus,
1125 3513 1161 3572 st
1180 3508 1340 3576 masau

251 3604 378 3671 discas.

293 3703 317 3768 J
319 3722 385 3785 am,
399 3704 489 3769 sicut
501 3704 566 3769 hoc
583 3723 719 3791 quoque
741 3705 786 3773 ad
808 3710 952 3774 ceteram
975 3705 1050 3791 ejus
1069 3706 1264 3783 felicitatem
1284 3727 1341 3775 ac·

251 3806 368 3883 cessit,
381 3812 430 3883 ut,
442 3803 591 3871 curuum
601 3812 721 3873 nactus
736 3823 842 3871 rerum
854 3823 989 3875 suarum
1000 3825 1199 3890 preconem,
1210 3806 1341 3875 Homo-

252 3924 326 3972 rum
339 3904 466 3973 Achilli
482 3904 570 3971 haud
583 3924 782 3992 magnopere
799 3906 948 3976 inuidere
962 3906 1104 3992 amplius
1119 3907 1264 3989 debeat3
1292 3911 1343 3978 ita

252 4023 295 4069 ue
309 4004 345 4069 iu
358 4004 423 4069 hoc
436 4005 569 4091 quidem
593 4005 756 4091 imparem
776 4014 812 4073 te
826 4004 1106 4083 Alexandrotam
1129 4007 1339 4080 confidimus.

254 4102 357 4168 Facis
372 4104 460 4170 enim
475 4105 528 4171 vel
544 4106 702 4190 exemplo
726 4115 797 4186 tuo,
812 4107 866 4173 sel
890 4125 1000 4174 amore
1024 4108 1061 4183 in
1081 4107 1208 4189 literas,
1220 4110 1340 4196 utjam
