2925 4867
364 390 495 440 suren.
517 390 558 440 ru
584 392 618 463 p.
640 391 816 442 ounnruu
842 391 914 440 orn.
936 392 979 441 ιι.
1143 376 1209 444 119

107 536 228 596 beaw
244 532 301 594 sibi
314 532 511 595 rideri'dixit
532 541 606 606 rex,e
618 538 629 569 ⁴
640 532 723 614 quod
736 533 821 595 sirus
839 531 932 594 lidum
953 534 1079 594 amioum
1102 543 1207 596 nactus

110 642 204 692 esset:
233 631 383 699 exunctus
410 649 552 710 maguum
578 629 768 709 praeconem'
810 629 926 690 Ceteris
947 629 1036 690 etism
1057 629 1207 704 heroibus,

109 745 235 804 quorum
247 728 284 788 iis
296 727 327 788 iu
337 727 422 788 terris
436 727 574 808 sepulcra
593 726 803 796 ostenduntur,
819 726 994 806 parentarit.
1036 729 1066 786 5.
1088 726 1207 788 Sacrifi·

110 823 191 884 canit
202 834 236 883 et
247 818 385 884 Priamo⁴
398 822 437 883 ad
448 823 548 886 Heroii
558 843 650 896 mans,
661 824 725 886 sire
738 833 771 884 ut
783 824 913 904 placaret
925 841 1027 884 manes
1037 823 1076 882 ab
1085 822 1210 884 AEscida
1300 903 1303 909 Ι

109 917 276 988 interemti:
296 920 410 980 sivest>
429 920 760 1000 cognationsrn‚·quam
784 919 840 982 sibi
854 938 921 980 oum
945 917 1101 982 Iliensibus
1119 919 1209 980 inter·

109 1013 219 1074 cedere
230 1015 435 1086 arbitrabatur.
448 1015 520 1094 quia
539 1015 668 1082 viduam·
678 1015 816 1078 liectoris
831 1013 1058 1076 Andromachen
1078 1013 1210 1094 Neopto·

110 1109 610 1178 lemasinmatrimoniohabuerat.
643 1113 797 1184 Minerva,
808 1131 897 1192 quarn
906 1110 1056 1192 precipua
1068 1109 1210 1190 religione

109 1207 317 1278 vsoembatur,
328 1207 463 1268 studiose
476 1227 592 1270 sacrum
607 1208 696 1270 lecit:
718 1209 931 1288 suspensisque
946 1207 974 1266 in
996 1207 1106 1288 templo
1121 1205 1209 1266 armis

110 1296 198 1373 suis}
208 1303 268 1362 alia
287 1303 425 1376 detraxit,
448 1325 518 1384 quse
532 1313 542 1340 ⁰
557 1325 576 1364 a
596 1305 714 1385 Trojani
739 1305 809 1366 belli
833 1305 1013 1384 temporibus
1037 1301 1210 1364 duravisse'

86 1440 93 1448 -
110 1398 298 1460 dicebantur.
339 1401 370 1460 6.
392 1408 400 1435 ¹
417 1400 492 1462 llaec
504 1401 543 1461 ab
562 1402 714 1481 armigeris
739 1401 868 1480 praeferri
881 1401 888 1424 '
897 1399 1030 1477 jubebat,
1044 1406 1053 1436 ‘
1069 1411 1210 1480 tanquam

110 1513 132 1556 a
143 1495 272 1573 propitio
291 1495 411 1556 numina
430 1495 473 1556 nd
495 1496 691 1576 subigendam
705 1497 807 1558 Asiam
829 1495 1036 1558 commodata:
1057 1495 1152 1574 iisque
1166 1497 1211 1554 in·

110 1590 219 1650 dutrrm
229 1591 237 1612 ’
247 1591 346 1652 ierunt
358 1599 367 1626 ‘
380 1591 420 1652 ad
433 1591 594 1653 Granicum
607 1612 675 1653 cum
687 1592 813 1673 satrapis
829 1590 1040 1652 decertasse.'¹
1082 1594 1110 1650 7.
1132 1591 1214 1655 Alio·

109 1685 185 1765 quin
206 1686 394 1764 elegantibus
414 1686 504 1748 armis
526 1687 694 1766 gaudebatr
724 1689 838 1750 nullius
860 1687 1014 1750 munditiei
1039 1685 1213 1748 studiosior.

110 1782 206 1841 Cetra
228 1802 313 1843 usum
329 1781 443 1863 reperio
460 1781 642 1863 splendida:
664 1785 753 1864 galea
772 1783 924 1862 eleganter
950 1782 1083 1854 cristata,
1108 1782 1215 1842 utrim-

108 1895 171 1956 que
185 1877 421 1956 dependentibus
435 1878 534 1960 pinnis
547 1879 678 1942 candore
691 1891 722 1942 st
736 1879 940 1960 magnitudine
952 1878 1132 1959 insignibus,
1146 1877 1212 1940 tho·

109 1991 181 2034 racc
193 1973 274 2034 lineo
286 1973 414 2054 duplici:
436 1975 554 2054 galeam
572 1975 702 2045 babebat
714 1977 838 2040 ferream
852 1974 984 2054 quidem,
999 1973 1053 2034 sed
1071 1974 1102 2035 in
1115 1973 1213 2056 puris·

109 2069 180 2128 simi
201 2071 317 2148 argenti
339 2071 469 2150 speciem
495 2070 744 2150 splendoremque
767 2070 901 2151 politam,
925 2067 1082 2148 Theophili
1108 2069 1212 2148 opus:¹

110 2167 141 2224 8.
164 2165 274 2228 collare
295 2165 421 2228 ferreum
446 2167 652 2230 internitentes
680 2187 805 2246 gemmus
833 2165 1074 2246 distinguebant:
1109 2163 1211 2244 gladio

110 2261 288 2339 cingebatur
301 2263 437 2322 acumine
451 2273 482 2322 et
492 2262 599 2322 duritie
619 2262 649 2324 in
663 2261 766 2341 paucis
782 2261 922 2328 notabilis
944 2260 1132 2338 augebatque
1146 2277 1212 2339 pre-

110 2357 186 2418 tium
198 2356 277 2436 ejus,
285 2356 367 2435 quod
382 2356 412 2417 in
425 2366 509 2418 tauto
522 2357 592 2419 ferri
601 2358 716 2428 robore.
729 2356 804 2420 ieris
817 2369 850 2418 et
863 2355 1001 2418 tractanti
1015 2355 1122 2416 babilis
1136 2366 1211 2416 erat.

111 2452 192 2512 Huic
207 2464 365 2511 armatura
378 2450 527 2512 interdum
541 2453 701 2514 amiculum
715 2453 840 2514 militare
854 2453 1017 2532 injiciebat,
1027 2452 1107 2532 quod
1116 2470 1211 2532 genus

111 2558 175 2607 tum
189 2553 199 2580 ‘
211 2546 360 2608 Siculum'
375 2547 590 2628 appellabatur.
631 2550 661 2610 9.
683 2549 823 2610 Ceterum
836 2546 1014 2627 quibusdam
1025 2546 1129 2607 horum
1143 2557 1214 2626 post

111 2641 142 2702 id
165 2653 286 2721 ternpus
308 2643 420 2722 potitus
443 2652 596 2706 catenam
620 2643 737 2715 thorax,
760 2662 849 2723 quern
874 2642 1102 2714 diximus‚inter
1116 2641 1214 2722 spolia

112 2740 238 2818 pognati
262 2737 303 2797 ad
331 2737 428 2800 issum
455 2739 550 2818 praelii
572 2739 646 2807 iuit3
667 2739 800 2819 gladium
825 2739 985 2800 Citieorum
1009 2757 1062 2798 rex
1084 2738 1212 2818 Cyprius

114 2833 193 2894 dono
207 2833 310 2901 dedier
332 2834 441 2897 Rhodii
455 2836 597 2908 balteum,
618 2854 708 2914 quem
731 2835 953 2916 incomparabili
975 2833 1120 2896 industria
1140 2853 1212 2915 con·

115 2931 249 3009 spicuum
264 2929 393 2992 Helicon
406 2932 528 3005 iecerat,
540 2931 678 3010 egregius
693 2930 769 2992 inter
779 2931 892 3010 priscos
908 2930 1046 2992 artifices.
1080 2932 1128 2991 10.
1151 2929 1212 2990 Ne·

115 3046 172 3105 que
183 3027 310 3106 pmnitet
326 3025 399 3089 talia
422 3045 594 3101 memorare,
613 3047 681 3106 quas
695 3027 843 3090 veteribus
858 3025 1050 3110 scriptoribus
1064 3025 1158 3104 digna
1169 3045 1213 3086 re·

113 3121 177 3182 latu
190 3121 384 3189 videbantur;
405 3134 438 3182 et
449 3122 560 3202 alioqui
572 3142 745 3202 magnorum
760 3143 862 3204 regum
875 3121 956 3184 diota
966 3123 1114 3201 iactaque,
1123 3121 1212 3181 etiarn

115 3238 184 3296 quse
194 3218 306 3280 leviora
315 3218 415 3280 haberi
430 3219 538 3289 soient,
550 3238 608 3280 non
621 3220 686 3282 sine
692 3219 792 3282 fructu
806 3227 858 3280 aot
868 3216 1020 3296 voluptate
1029 3215 1211 3278 recoluntur.

121 3315 166 3375 ll.
187 3316 277 3376 Certe
290 3333 372 3376 mma
385 3314 547 3376 Alexandri
566 3335 695 3395 sequens
714 3326 788 3378 aetas
803 3313 854 3376 diu
868 3323 1008 3374 venerata
1021 3322 1084 3372 est:
1095 3311 1212 3392 quibus

115 3409 192 3471 adeo
204 3411 339 3490 pepercit
351 3421 495 3486 vetustas,
520 3423 554 3472 ut
573 3433 610 3474 ex
632 3413 776 3476 Romanis
799 3409 1024 3492 imperatoribus
1045 3408 1120 3469 alius
1144 3419 1213 3487 post

115 3507 242 3568 subacta
255 3502 403 3568 Pontica*
416 3527 508 3587 regna
522 3508 678 3590 chlamyde
692 3509 771 3570 illius
786 3505 962 3586 triumphum
979 3524 1064 3566 suurn
1078 3515 1213 3573 ornaret:

117 3601 195 3664 alius
204 3603 356 3664 thoracem
370 3602 530 3665 Alexandri
542 3604 665 3667 indutus
679 3613 861 3685 percurreret
873 3613 1005 3684 pontem,
1019 3620 1106 3680 quem
1121 3620 1213 3660 ramu—
1293 3621 1302 3632 ·

117 3700 227 3760 latione
242 3699 325 3760 Darii
340 3700 503 3779 Xerxisque
517 3701 547 3760 in
568 3700 675 3781 pelago
687 3709 845 3764 struxerat.
890 3700 937 3758 12.
958 3697 1033 3758 Post
1044 3698 1109 3758 haec
1124 3696 1214 3756 Alex·

153 3914 166 3940 ²
182 3906 251 3960 Plus.
261 3909 280 3958 1.
289 3909 312 3959 l.
321 3907 424 3960 Arriam
433 3910 452 3960 t.
459 3912 479 3962 t.
496 3910 589 3963 cicero
600 3923 647 3977 pro
717 3908 727 3944 ¹
742 3911 846 3962 Antan.
859 3910 875 3958 l.
884 3910 902 3958 1.

119 3982 314 4045 Atellanas·
717 3997 731 4032 r
748 3987 827 4040 Diod.
840 3999 914 4038 xrrr.
926 3999 951 4050 p.
962 3988 1021 4036 btl.

155 4056 328 4111 ‘iustinxn
345 4066 370 4110 b.
392 4064 431 4113 lo.
457 4059 559 4112 Arriae.
572 4074 591 4114 ι.
609 4066 649 4112 ll.
718 4062 1012 4127 *Pluthlemputb

120 4135 171 4184 tin.
718 4141 726 4174 ¹
742 4141 783 4192 ld.
792 4156 817 4204 p.
829 4143 886 4190 ost.

157 4211 274 4264 ‘lustin
285 4225 356 4263 xrsr.
368 4218 392 4263 ³.
403 4220 427 4262 a.
719 4213 731 4249 ¹¹
748 4215 860 4280 Appiam
872 4214 905 4264 de
917 4213 997 4268 Bellis
1010 4210 1205 4266 Mithridaticls.
