2925 4867
389 350 448 398 01..
470 347 564 397 oxu.
586 331 619 397 Β.
656 346 692 396 a.
717 347 778 397 cn·
804 348 842 409 rr.
864 331 942 402 329.
1143 334 1209 401 ⁵48

112 508 227 555 rursus
236 488 272 555 in
280 496 430 555 montem
439 496 663 556 recessurum.
685 504 755 555 xx.
766 490 895 557 millia·
908 490 1076 557 latronum
1092 503 1208 560 aaut:

111 591 224 657 fundis
251 592 451 673 sagittisque
472 610 617 674 pugnam
642 588 816 655 invadunt.
859 591 890 656 3.
923 589 1024 670 Quos
1045 591 1132 657 dum¹
1148 594 1209 659 cb-

112 692 203 755 sidet
224 710 296 768 rex,
318 692 404 756 inter
426 690 671 774 promtissimus
694 688 858 757 dimicans
884 694 1012 775 sagitta
1033 693 1123 759 ictus
1145 700 1207 773 est,

112 811 191 874 quae
209 792 247 855 in
272 793 385 857 medio
404 810 502 857 crure
530 790 603 856 fixa
623 790 803 873 reliquerat
824 793 1001 876 spiculum.
1048 794 1081 857 t.
1106 792 1207 859 Illum

110 892 247 976 quidem
261 894 377 958 moesti
398 901 435 957 et
450 893 587 958 attoniti
602 890 809 959 Macedones
824 894 859 956 in
870 900 985 959 castra
997 893 1205 959 reserabant:

108 993 171 1057 sed
181 1012 242 1057 nec
256 996 415 1059 barbarus
430 992 548 1059 fefellit
560 992 745 1059 subductus
760 1014 804 1058 ex
814 986 955 1059 acie'rex
968 1006 1000 1075 3⁸
1020 994 1207 1077 quippeex

108 1094 201 1159 editu
226 1102 337 1160 monte
361 1100 482 1159 cuncta
503 1102 757 1177 prospexerant.
798 1096 831 1158 b.
854 1094 975 1177 ltaque
997 1101 1130 1177 postero
1153 1094 1207 1158 die

107 1195 234 1259 misere
248 1196 376 1277 legatos
391 1196 435 1259 ad
450 1214 571 1277 regem,
594 1212 683 1276 quos
699 1196 759 1258 ille
781 1194 981 1278 ‘protenus’
997 1196 1098 1280 jussit
1126 1196 1206 1259 ‘ad-

106 1296 195 1360 mitti
205 1295 225 1376 ;’
240 1297 426 1380 solutisque
434 1296 554 1360 fasciis
563 1296 821 1377 magnitudinem
830 1296 975 1361 vulneris
986 1296 1205 1361 dissimulans

108 1416 188 1462 crue
201 1398 355 1461 barbaris
370 1396 527 1461 ostendit.
570 1397 602 1461 6·
627 1395 685 1461 Illi
703 1396 794 1480 jussi
816 1395 1024 1461 ‘considere’
1046 1397 1208 1463 affirmant

106 1505 120 1532 ‘
133 1518 198 1563 ῦοῦ
213 1498 431 1576 Macedonas,
447 1518 548 1582 quam
571 1499 669 1582 ipsus
686 1498 792 1563 luisse
807 1499 973 1563 tristiores
988 1499 1120 1583 cognitu
1133 1499 1206 1563 rul-

105 1600 323 1683 nereipsius:
339 1601 437 1684 cajus
449 1601 480 1663 si
492 1607 663 1665 auctorem
678 1602 890 1682 reperissent,
900 1599 1205 1665 dediturossuisse:

103 1702 142 1765 7.
164 1720 241 1767 cum
259 1701 336 1765 Diis
352 1704 440 1766 enim
454 1720 600 1783 pugnare
615 1701 798 1783 sacrilegos
813 1706 952 1769 tantum·
996 1698 1153 1767 Ceterum
1169 1720 1205 1765 se

105 1807 237 1885 gentem
251 1804 286 1865 in
301 1801 400 1867 fidem
415 1801 549 1880 dedere,
562 1808 741 1888 superatos
756 1802 876 1867 virtute
889 1800 1000 1867 iuius:
1030 1802 1121 1879 Rex,
1137 1800 1204 1866 fide

107 1904 193 1967 datu
206 1910 241 1967 et
254 1904 402 1985 captivis
417 1905 576 1987 receptis,
591 1913 719 1987 gentem
735 1904 771 1969 in
786 1902 989 1969 deditionem
1000 1904 1158 1987 accepit..
1172 1900 1204 1967 8.

107 2004 242 2071 Castris
255 2004 336 2073 iude
357 2005 460 2069 motis
480 2006 602 2071 lectica
621 2004 757 2070 militari
779 2004 959 2080 serebatur,
974 2022 1075 2087 quam
1089 2023 1152 2088 pro
1167 2022 1204 2069 se

104 2109 253 2190 quisque
265 2124 370 2188 eques
387 2106 556 2189 pedesque
568 2106 683 2170 subire
696 2104 882 2171 certabant.
926 2103 1076 2187 Equites,
1104 2109 1204 2169 ‘cum

107 2208 233 2290 quibus
253 2225 315 2271 rex
331 2206 453 2288 praelia
471 2205 557 2269 inire
581 2206 702 2271 solitus
727 2209 811 2282 erat,
827 2204 881 2268 sui
895 2205 1041 2269 muneris
1056 2204 1092 2269 id
1108 2205 1206 2271 esse'

106 2307 300 2373 censebant.
333 2304 471 2369 Pedites
487 2312 614 2383 eontra,
628 2309 719 2369 ‘uum
735 2304 869 2369 saucios
881 2306 1125 2371 commilitones
1136 2307 1204 2390 ipsi

105 2416 239 2493 gestare
251 2407 491 2485 assuevissent,
512 2407 597 2490 eripi
617 2406 685 2471 sibi
704 2406 877 2489 proprium
900 2403 1043 2471 officinm
1057 2416 1127 2473 tum
1143 2426 1205 2490 pc·

104 2512 285 2585 tissimum,
300 2528 377 2573 cum
391 2527 451 2572 rex
466 2508 645 2591 gestandas
659 2504 775 2585 esset'
793 2508 1027 2589 querebantur.
1070 2508 1102 2573 9.
1124 2508 1204 2573 Rex

104 2613 145 2677 iu
155 2615 246 2675 tanto
256 2608 427 2691 utriusque
443 2602 739 2692 partis'certumiue
753 2612 786 2670 et
801 2606 867 2671 sibi
877 2605 1059 2685 difficilem,
1071 2614 1107 2671 et
1118 2626 1202 2691 pree·

141 2810 154 2835 ⁸
170 2804 223 2854 Nee
233 2800 422 2853 wlmistutait
433 2800 595 2853 Aeaeum
604 2812 636 2849 er
644 2797 728 2862 pretio
738 2802 885 2861 aemam
895 2812 952 2849 erre.

563 2953 743 2976 ouum

105 3076 226 3125 toturn
259 3074 381 3125 Nonnulli
393 3072 469 3123 codd.
480 3071 520 3121 att
528 3073 557 3121 de
564 3070 691 3135 meinric.
714 3070 784 3120 Mer.
800 3070 879 3133 plures
888 3068 953 3133 copti
964 3071 1077 3119 ruat—4
1088 3064 1165 3117 Voss.
1175 3070 1200 3117 Β.

105 3142 135 3191 is
154 3146 231 3189 eumn
250 3140 363 3199 ederam.
397 3138 461 3187 Mox
481 3137 596 3186 Floreat.
614 3135 689 3185 leid.
708 3135 786 3184 Voss.
798 3138 857 3182 1.·2.
877 3135 959 3195 Bong.
980 3132 1060 3195 Lugd.
1077 3140 1104 3181 et
1118 3131 1202 3182 Amat.

106 3205 234 3254 omittunt
251 3206 355 3253 rea-0
369 3202 445 3251 Voss.
464 3204 487 3250 2
503 3201 607 3265 affirmet
627 3199 780 3257 Muedmus,
800 3197 893 3246 cruissu
910 3211 975 3253 suar
991 3198 1107 3245 florent.
1127 3196 1201 3245 Leld.

106 3270 187 3318 Voss.
200 3272 223 3317 l.
234 3273 263 3315 et
272 3268 357 3329 Βοῦς.
367 3281 391 3314 e.
400 3281 425 3313 s.
437 3266 587 3314 Marma.
620 3263 737 3313 marene
755 3262 829 3311 Leid.
843 3262 918 3311 Voss.
931 3265 954 3309 1.
964 3264 990 3309 Β.
1005 3268 1033 3309 et
1049 3260 1133 3322 Bong.
1144 3260 1202 3307 trir-
1248 3276 1252 3287 ·

103 3331 275 3391 ttoeasru'ere.
307 3330 369 3380 vie.
381 3332 445 3381 Not.
456 3330 519 3377 Ver.
551 3325 854 3387 teramnensem.
888 3325 963 3375 Vcrr.
979 3328 1003 3375 Β.
1023 3323 1119 3373 omittit
1133 3322 1201 3373 Dia.

105 3400 158 3444 -7
174 3396 258 3458 Bong·
268 3398 292 3444 l.
307 3399 426 3458 sumto.
460 3394 573 3443 Floreat
582 3389 658 3441 Leid.
668 3390 742 3439 Voss.
754 3394 777 3438 1.
789 3390 857 3439 Dan.
869 3388 927 3437 Pul.
939 3392 962 3437 1.
973 3394 1001 3436 et
1012 3387 1096 3451 Bong.
1107 3388 1202 3437 calam

106 3459 264 3523 prcebtate.
296 3458 381 3521 Βοῦς.
394 3462 419 3506 l.
435 3456 485 3505 illis
503 3470 550 3520 pro
569 3455 691 3504 illisa-8
707 3452 765 3503 Pal.
779 3457 804 3502 1.
826 3467 867 3515 pre
886 3466 920 3501 re.
945 3451 1028 3501 Paulo
1045 3459 1112 3514 post,
1130 3450 1202 3500 Pittr.

106 3521 209 3573 Pedites
225 3538 278 3571 esar
292 3528 391 3580 σποῦ,-
407 3520 492 3583 Logd.
509 3518 594 3569 Arust.
613 3514 687 3567 Mod.
705 3516 765 3566 ulii:
781 3517 879 3565 Pedites
889 3514 1050 3565 ammador.
1085 3515 1203 3563 Floreat.

106 3586 184 3637 Iaeid.
200 3587 278 3635 Voss.
295 3591 319 3635 1.
335 3590 360 3635 a.
378 3585 466 3647 Sigeb.
482 3584 574 3633 colcu.
595 3590 624 3633 et
642 3580 703 3631 ΑΜ.
724 3581 775 3645 ipse
791 3586 905 3643 gestum
921 3579 1036 3629 Floreat.
1054 3579 1128 3628 Voss.
1140 3584 1162 3628 l.
1174 3582 1201 3627 Β.

3 3694 7 3697 .
105 3651 197 3716 Sigeb.
216 3651 306 3701 Coton
326 3659 355 3701 at
371 3648 433 3700 ΑΜ.
451 3649 596 3698 mm.
628 3645 740 3698 Vocat.
760 3644 860 3695 omittit
876 3644 978 3693 ribi-9
994 3643 1062 3693 bier.
1074 3642 1201 3692 emunire

599 3806 706 3860 NO'l'AE

140 3951 153 3977 ⁸
170 3940 333 4006 xamen-1
348 3940 425 4003 Apud
443 3940 579 3991 arrianum
589 3938 635 3987 tr'e
674 3938 812 4001 plerosque
822 3935 988 3985 barbarorum
1007 3946 1097 3993 οιιοο,
1106 3930 1200 3980 allusu

103 4018 178 4080 gista
198 4018 319 4080 leguntur
336 4016 427 4074 fillis,-
453 4016 497 4081 qni
518 4015 596 4064 etlam
618 4028 635 4063 a
674 4010 1201 4078 rupibusoeoepraeuipitesse,adeoutex

105 4091 423 4147 Curtiodiremusrrat:
437 4089 635 4141 eolleurreilieet
673 4088 781 4154 triginta
808 4088 919 4141 millibus
939 4096 1000 4139 octo
1019 4086 1100 4137 sulum
1122 4085 1202 4136 millia

104 4172 133 4222 lu
146 4184 223 4236 qoem
234 4166 382 4232 refugerant
399 4168 424 4217 ri
442 4176 549 4230 captum
567 4176 634 4227 esre,
673 4164 812 4217 eraserint.
