2925 4867
373 352 412 401 tn
436 352 616 414 coisnon
640 351 815 403 cuntium
839 352 986 404 nunus.
1111 371 1114 379 ,
1180 341 1224 408 19

120 499 288 563 debemus
302 494 345 561 ad
358 500 492 563 mmm
506 494 613 563 curtii
626 494 858 563 deliniendam.
903 495 973 565 Ubi
992 514 1074 565 veto
1088 497 1132 565 ad
1146 517 1222 567 cam

122 618 278 665 normam
291 597 439 663 virorum
453 598 638 676 doctorum,
658 596 702 663 de
723 598 850 681 quibus
871 599 975 665 modo
991 599 1076 677 dixi,
1089 602 1224 685 opinio·

122 722 187 767 nes
211 701 515 785 dirigerentque
539 698 735 783 diligentins
755 700 959 783 perpendere
982 702 1077 773 velis,
1099 712 1225 787 proeter

124 804 327 871 sententium
351 802 519 887 Baguelo,
542 802 606 869 viri
630 802 855 873 illustrissimi.
877 804 936 869 vix
959 802 1030 871 nlla
1057 810 1118 876 eat,
1146 826 1225 891 quas

124 906 212 971 satis
227 922 264 969 se
277 904 378 969 nobis
393 905 519 988 probet.
562 903 631 969 Sed
644 904 822 971 videamus
836 904 879 969 de
891 903 1046 987 singolis.

167 1006 242 1087 Qui
264 1024 342 1071 cum
357 1004 491 1071 Pitboeo
507 1011 541 1070 et
562 1004 750 1087 Bongarsio
772 1004 928 1071 Curtium
941 1004 1099 1089 Angusto
1120 1009 1224 1094 impe-

125 1114 222 1175 rante
250 1107 406 1173 floruisse
436 1110 598 1186 statuum,
617 1106 729 1173 omnia
749 1113 954 1189 ammenta,
967 1126 1013 1173 ex
1036 1110 1121 1193 ipsis
1143 1112 1226 1179 Cet·

123 1214 165 1279 tii
192 1211 308 1277 verbis
335 1209 502 1285 demmin,
530 1208 698 1292 negligunt
726 1210 829 1292 atque
852 1210 896 1278 ad
920 1229 1021 1277 unam
1047 1215 1126 1297 styli
1155 1214 1226 1281 ele·

126 1313 276 1398 gantiam
304 1310 637 1395 concinnitatemque,
660 1308 824 1375 rationem
847 1329 966 1394 parum
991 1312 1226 1396 sufficientem,

126 1413 338 1496 confugiunt
381 1408 556 1493 domtus
569 1410 658 1475 euim
672 1410 836 1494 Princeps
853 1412 1001 1481 illaesae
1023 1434 1089 1482 non
1103 1420 1225 1501 potuit,

125 1518 201 1601 qni,
216 1524 256 1580 nt
276 1518 347 1580 arat
368 1512 557 1597 popularis.
582 1516 669 1579 teste
693 1510 856 1578 Suetonio
875 1512 1072 1598 (Octavian.
1096 1538 1127 1584 c.
1153 1518 1228 1602 oe.)

126 1615 310 1683 ‘Domini'
331 1634 393 1681 sen
414 1613 592 1697 ‘Capitis'
606 1613 864 1698 appellationem
889 1624 931 1682 nt
951 1617 1168 1685 maledictum
1193 1627 1227 1685 ct

127 1718 347 1803 opprobrium
361 1724 495 1801 semper
505 1714 691 1793 exhorruit,
703 1713 939 1800 dominumque
952 1738 990 1784 se
1003 1719 1169 1804 appellari
1182 1740 1224 1787 ne

126 1842 150 1885 a
164 1818 283 1885 liberis
298 1818 444 1901 quidem,
458 1824 519 1885 ant
532 1816 712 1900 nepotibus
724 1816 872 1894 suisve}
882 1819 969 1889 serio
982 1820 1039 1887 vel
1048 1822 1132 1905 joco
1146 1841 1227 1907 paa-

128 1942 192 1987 sns
205 1928 270 1998 est,
284 1928 386 2003 atque
399 1918 564 2004 ejouodi
579 1917 765 1983 blanditias
780 1917 882 1985 etiam
898 1919 980 1984 inter
999 1920 1094 2005 ipsos
1114 1924 1228 2006 probi.

125 2025 212 2088 buit.
248 2020 380 2085 Deinde
393 2020 508 2097 etiam,
522 2018 616 2107 quod
626 2018 699 2102 jam
712 2018 802 2083 Just.
815 2018 955 2102 Lipsius
965 2022 1077 2101 vidit,⁰
1090 2023 1227 2107 Angus-
1285 2030 1290 2037 '

127 2133 196 2199 tus,
217 2142 296 2203 oum
315 2120 360 2187 ad
380 2120 563 2205 Imperium
588 2120 774 2196 accederet,
796 2138 864 2185 non
891 2122 1039 2189 extinxit
1060 2124 1226 2192 bellorum

128 2227 233 2303 aas,
249 2224 310 2289 sec
325 2222 493 2299 scenae,
508 2242 574 2287 non
589 2219 738 2291 mattea
756 2219 889 2302 ‘taces
907 2221 969 2287 sse
985 2207 1113 2291 acmen
1158 2226 1227 2293 Ne-

129 2347 199 2413 que
215 2326 319 2391 atimn
339 2326 438 2391 istam
460 2327 692 2407 tempestatem
714 2321 872 2388 ‘subita'
894 2326 1072 2391 serenitate
1095 2327 1227 2394 discus·

129 2432 217 2495 sisse
233 2428 304 2493 dici
319 2434 432 2510 potest
445 2424 635 2507 Augustus,
650 2444 728 2489 cum
744 2424 863 2491 civilia
874 2426 966 2491 bella
977 2446 1035 2512 per
1046 2427 1227 2497 duodecim

129 2532 200 2595 tere
215 2548 337 2606 annos,
351 2530 396 2595 ab
408 2528 577 2593 occisione
591 2526 739 2597 cesana
754 2523 797 2590 A.
813 2524 857 2590 U.
871 2528 947 2592 711.
961 2546 1072 2612 nsque
1085 2531 1129 2595 ad
1143 2550 1227 2616 pug-

129 2645 208 2697 nam
222 2630 404 2723 Actiacam
417 2629 493 2696 728.
509 2630 741 2695 continuaret.t
776 2626 823 2693 Et
835 2646 925 2711 quae,
939 2648 1070 2713 quaeso,
1085 2640 1156 2697 crat
1168 2632 1228 2700 illa

129 2753 212 2811 nox,
235 2750 337 2815 quam
360 2750 457 2815 piene
485 2748 670 2814 supremum
697 2728 852 2796 habuerit
876 2731 1023 2814 populus
1042 2730 1227 2813 Romanus,

130 2836 297 2920 cujusque
310 2850 432 2897 novum
446 2832 540 2897 sidus
551 2830 700 2898 illuxerit
709 2828 910 2912 eumenen
931 2832 992 2898 ubi
1001 2840 1073 2899 erat
1082 2834 1229 2902 mundus

130 2936 294 3018 caligans,
307 2935 363 2999 cui
377 2934 489 2999 lucem
501 2932 710 3001 reddideriti
742 2934 804 2997 ubi
828 2931 1049 3017 Respublica,
1066 2956 1144 3021 quaa
1166 2939 1228 3003 im·

133 3044 271 3125 perante
284 3035 343 3100 illo
356 3035 553 3101 recimeritl
596 3034 695 3101 Certe
709 3035 795 3103 nibil
807 3054 957 3119 unquam
977 3039 1040 3103 tuit
1052 3040 1229 3116 robustius,

6 3136 8 3143 '
131 3139 212 3205 nibil
239 3138 410 3203 immensis
435 3136 566 3204 ultibus
588 3136 673 3203 adeo
698 3136 905 3222 superbiens,
928 3158 1027 3223 qnam
1052 3140 1229 3222 imperinm

133 3241 236 3307 Rom.
250 3247 335 3317 tum,
349 3258 426 3305 cum
441 3237 652 3305 Octavimtns
674 3239 902 3321 gubernacula
922 3238 1138 3323 Reipublicae
1154 3259 1229 3322 pre·

133 3341 303 3408 leodem.
348 3340 451 3419 Nam,
465 3340 1118 3423 devictisomntbusgenubusuniversi
1128 3345 1231 3407 tetra·

134 3465 207 3509 mm
222 3444 317 3509 orbis
336 3443 472 3509 domina
489 3451 643 3509 evaserat
663 3444 725 3521 ita,
741 3449 780 3508 ut
797 3442 940 3508 Floreat
959 3443 1147 3508 ncdssime
1162 3448 1230 3507 sta·

136 3554 226 3611 tuere
254 3544 427 3611 videatur:
457 3544 588 3616 debinc,
621 3546 743 3629 inquit,
771 3545 815 3609 ad
843 3543 1014 3609 Cenem
1042 3543 1231 3627 Augustum

135 3662 215 3711 oct..
243 3646 331 3721 anni,
355 3646 481 3728 quibus
498 3650 606 3711 totum
623 3646 737 3711 orbem
751 3645 900 3729 pacavit.
941 3644 1040 3711 ‘Hic
1059 3645 1133 3729 jam
1153 3645 1231 3728 ipsa

130 3749 272 3833 juventa
282 3746 422 3831 Imperii
435 3754 469 3813 et
482 3749 580 3833 qnasi
596 3748 753 3833 quasdam
766 3749 909 3821 robusta
922 3748 1120 3814 maturitas!

176 3848 234 3914 Ad
257 3854 411 3933 quartam
431 3850 700 3935 propositionem
726 3849 817 3935 quod
840 3850 971 3929 attinet,
995 3850 1168 3932 Augustus
1184 3867 1230 3917 ex

169 4092 182 4118 ⁰
198 4082 238 4134 Ad
248 4082 333 4133 Taciti
343 4082 435 4135 Annal.
443 4096 475 4133 ιι.
486 4082 549 4133 Not.
557 4086 599 4135 ot.
736 4092 749 4127 t
766 4082 872 4149 Prolop.
885 4088 910 4137 l.

170 4166 183 4201 t
197 4158 304 4211 beaten.
316 4156 410 4211 Oetae.
420 4162 446 4210 8.
457 4166 484 4209 et
494 4163 518 4213 0.
