2925 4867
237 376 279 445 12
669 386 892 437 neomutus.

237 540 273 601 et
286 532 411 617 optime
427 531 471 596 sd
481 529 660 595 lectionem
672 523 1007 611 curniprrspmrir,
1016 530 1051 591 et
1062 525 1255 593 molentium
1268 526 1323 592 le·

238 650 396 699 omarum
409 632 570 696 minorum
584 626 721 694 emovit

280 732 528 815 Exemplsrium
543 728 705 795 editorum
718 744 839 809 mogun
852 723 1031 792 multitudo
1044 732 1108 803 est,
1130 725 1276 792 maxime
1287 727 1325 791 iu

237 850 334 899 usum
349 830 556 907 Scholsrnm,
571 847 713 913 qnorum
725 828 879 893 recemio
893 826 1142 910 uniusquidem
1167 826 1236 891 loci
1258 846 1325 891 non

239 938 301 997 est
342 930 498 997 Omnium
511 930 611 1007 enim,
632 929 691 1012 qni
704 928 798 993 hisce
809 928 914 993 literis
938 926 1083 1004 student,
1102 929 1259 993 munibus
1276 933 1325 992 tc-'

238 1032 343 1097 rende
356 1038 408 1097 eet
420 1030 570 1095 Harlesii
578 1028 624 1094 V.
636 1030 709 1095 Cel.
723 1030 885 1094 ‘Brevior
898 1028 934 1094 N
934 1027 1035 1093 otitiu
1048 1028 1243 1094 literature
1258 1027 1328 1093 lto·

237 1130 367 1199 mente!
410 1130 481 1211 Qui
495 1131 592 1215 plnre
605 1132 758 1215 cupiunt,
775 1129 993 1195 Freinshemii
1007 1126 1218 1210 Febriciique
1227 1125 1328 1193 Gete-

239 1232 350 1317 lognui
365 1250 387 1297 e
401 1232 593 1315 Bipontinis
614 1237 750 1299 numum
762 1233 971 1316 (quunquum
985 1236 1022 1295 et
1034 1230 1060 1294 ii
1075 1228 1230 1312 qnmdum
1243 1228 1328 1293 orni-

240 1336 369 1411 sernnt)
383 1332 564 1397 evolvunt·
592 1332 755 1397 'lirouum
766 1340 879 1396 tumen
892 1348 997 1396 muso
1005 1328 1113 1397 curtii
1123 1336 1202 1411 post
1213 1328 1329 1393 literne

240 1438 374 1499 renntes
394 1432 465 1497 sete
486 1432 703 1498 ednmbrubo.
754 1432 872 1498 mitio
895 1432 1055 1516 princeps
1074 1429 1183 1495 Curtii
1205 1428 1330 1512 prodiit

241 1530 393 1599 Venetiis
415 1533 512 1599 1470.
537 1532 608 1598 sire
631 1532 728 1598 1471.
752 1532 968 1616 plurimemm
992 1548 1037 1595 cx
1058 1528 1196 1612 reliquis
1216 1528 1329 1610 busis3

243 1638 340 1700 mtute
353 1635 423 1701 iere
443 1652 506 1718 pur
527 1640 580 1699 est
603 1632 759 1699 Romane
783 1618 915 1709 lauteri,
934 1638 971 1696 et
991 1631 1148 1715 proxime
1166 1628 1331 1694 Modiolu-

241 1734 354 1799 nensis
368 1734 463 1801 1470.
508 1733 659 1797 Posteris
673 1733 877 1815 temporibus
891 1734 1004 1816 plures
1023 1731 1086 1796 viri
1099 1730 1191 1795 docti
1205 1736 1331 1795 textum

242 1833 296 1897 rel
310 1852 330 1898 s
344 1832 528 1899 (lodicibus
543 1841 579 1897 et
591 1833 784 1918 conjecturs
801 1833 1025 1911 emendarunt,
1046 1833 1099 1896 vel
1122 1830 1223 1896 Notis
1237 1830 1332 1895 illus·

243 1938 380 2011 trerunt,
391 1952 531 2017 quornm
546 1932 744 1999 celebriores
758 1941 835 1999 sunt
845 1934 927 1998 Dos.
939 1932 1109 2009 Erasmus,
1121 1930 1240 2007 Aldus,
1248 1930 1332 1995 Adr.

243 2030 267 2096 J
269 2032 377 2110 unius,
399 2034 517 2099 hunc.
539 2032 689 2112 Medius,
702 2032 795 2111 (Vel.
809 2030 1017 2116 Aoidnlius,)
1031 2030 1150 2097 Mettis.
1164 2030 1333 2107 Ruderus,

244 2130 344 2201 Titus
360 2132 501 2217 Popms,
523 2134 575 2197 Io.
588 2133 665 2199 Jos.
680 2134 863 2199 Pontsnns.
906 2132 1017 2199 Nemo
1031 2152 1111 2198 vero
1130 2130 1247 2197 Curtio
1264 2150 1334 2195 ms·

239 2230 349 2315 jorem
359 2250 494 2315 operum
508 2232 672 2315 impendit
682 2253 782 2316 quem
792 2233 815 2299 J
816 2252 941 2299 oennes
953 2232 1214 2310 Freinshemius,
1224 2229 1335 2295 Curtii

244 2332 438 2416 sospitator,
460 2334 516 2415 qui
541 2352 608 2397 non
621 2334 728 2398 solum
742 2340 870 2399 textum
883 2334 982 2400 docte
995 2334 1172 2409 recensuit,
1194 2331 1254 2396 sed
1276 2350 1335 2397 eo·

245 2430 353 2515 piosis
375 2451 510 2516 quoque
535 2431 789 2498 Commentariis
808 2434 999 2501 illustrnrit.
1054 2432 1235 2515 Exemplar
1258 2432 1337 2515 ejus

246 2531 353 2614 primo
367 2530 491 2614 prodiit
502 2530 714 2610 Argentomti
727 2532 866 2601 10488.
881 2550 925 2600 ιι.
934 2534 1016 2601 Vol.
1027 2539 1096 2599 tum
1108 2552 1188 2597 vero
1200 2533 1243 2598 sb
1257 2532 1337 2616 ipso

247 2629 477 2697 Freinshemio
500 2632 602 2717 poulo
627 2641 703 2699 ente
729 2635 858 2700 obitum
881 2636 1084 2701 adornatum
1106 2634 1206 2718 longe
1228 2632 1340 2716 priori

189 2816 193 2823 ι
247 2732 380 2797 unctius
394 2738 427 2797 et
440 2731 664 2813 emendatius,
679 2740 816 2800 curante
831 2734 969 2820 Roppio
982 2735 1063 2801 ibid.
1078 2734 1221 2801 16704.
1249 2732 1339 2798 Post

248 2830 509 2897 Freinshemium
524 2833 620 2899 multi
641 2833 795 2903 Curtium
813 2838 868 2901 rel
889 2854 968 2901 cum
988 2833 1095 2900 Notis
1116 2852 1162 2899 ex
1182 2833 1241 2899 illo
1264 2831 1338 2897 Ex·

248 2930 385 3014 oerptis,
406 2932 530 3016 quibus
553 2952 633 2999 suus
655 2936 893 3020 insperserunt,
915 2936 972 3001 vel
994 2954 1071 3001 curu
1094 2933 1197 2999 Notis
1215 2932 1340 2999 Verio-

249 3050 321 3097 rum
335 3031 524 3114 edidernut3
546 3034 631 3101 iuter
643 3056 728 3120 quos
742 3036 919 3104 laudentur
929 3034 1105 3111 Gellerius,
1120 3024 1217 3118 cuijus
1231 3034 1339 3099 editio

249 3131 358 3215 prime
373 3134 499 3217 prodiit
520 3134 617 3203 1088.
642 3144 676 3205 et
700 3138 862 3215 Pitiscns,
884 3136 983 3221 cnjus
995 3135 1166 3221 posterior
1186 3134 1283 3200 lm
1304 3132 1341 3199 et

249 3230 345 3297 1708.
359 3232 541 3316 prefertur,
554 3237 668 3319 pueris
683 3238 902 3320 potissimum
914 3234 1191 3303 commentanda.
1228 3234 1341 3301 Inous

249 3332 437 3417 pletissimu
447 3336 592 3399 omniurn
603 3344 655 3403 est
668 3336 805 3402 Henrici
819 3336 1061 3417 Snukenburgii
1071 3354 1147 3400 cum
1158 3332 1259 3402 Notis
1269 3332 1341 3404 Vn·

251 3432 371 3499 riorum
388 3433 510 3516 purtim
531 3435 678 3517 integris,
700 3438 820 3520 purtim
845 3435 988 3512 selectis,
1010 3434 1156 3518 Delphis
1179 3439 1213 3499 et
1234 3432 1344 3517 nugo.

252 3532 372 3599 Butes.
395 3532 492 3599 1724.
511 3534 544 3597 4.
564 3535 601 3598 in
624 3554 693 3619 que
716 3537 829 3601 omnin
852 3536 1101 3619 Supplemento,
1122 3533 1342 3617 plurimorum

252 3628 359 3697 Godd.
384 3632 498 3699 Vurioe
519 3633 698 3701 Lectiones
721 3642 757 3700 et
779 3635 927 3699 omnium
941 3634 1009 3699 iere
1022 3634 1237 3717 interpretum
1250 3632 1342 3719 prio·

252 3750 324 3797 rum
349 3731 450 3798 Notus
471 3734 690 3799 continentur.
732 3734 838 3800 Busis
856 3741 910 3797 est
932 3731 1213 3800 Freinshemiuns.
1257 3732 1343 3800 Post

254 3832 479 3915 Suskmburg.
493 3832 607 3916 plures
621 3834 731 3899 adhuc
741 3834 818 3899 edd.
832 3834 868 3897 in
880 3834 1073 3911 Germanis,
1094 3832 1209 3898 Gallie
1219 3839 1255 3899 et
1267 3833 1343 3901 Bri·

253 3934 368 3999 terme
383 3932 586 4017 prodierunt,
598 3952 739 4016 querum
749 3933 842 3998 nulls
852 3950 1055 4014 magnopere
1069 3931 1232 3998 laudetur.
1258 3933 1343 3999 Pro-

254 4032 377 4099 babilis
401 4039 452 4098 est
474 4032 663 4117 Bipontinu.
708 4033 908 4100 Novissime
930 4052 1023 4111 vero,
1043 4051 1144 4117 quem
1167 4030 1281 4097 Gunse
1296 4032 1344 4099 V.

256 4131 309 4203 cl.
331 4132 534 4199 Helmstudii
556 4134 652 4203 1705.
674 4134 771 4201 edere
793 4134 912 4223 coepit,
931 4132 1079 4202 nondum
1101 4132 1257 4201 obsolute
1279 4142 1345 4207 est
