2925 4867
337 387 467 436 suern.
491 385 531 436 ru
555 389 589 447 Q·
612 385 797 449 cunutus·
812 385 883 434 nra.
907 385 932 433 ι.
1136 371 1180 436 99

88 546 170 607 seges
183 530 315 603 texerat)
329 526 421 587 territi
441 523 529 587 Getes
542 523 591 585 vix
605 524 731 604 primum
755 523 855 585 amisii
876 523 1024 603 equitatus
1038 523 1180 606 impetum

87 624 187 687 tulere.
228 629 260 684 5.
282 624 324 684 Ut
350 621 457 684 deinde
479 642 546 681 cum
574 621 723 702 phalanga
752 621 883 680 Nicanor
909 620 1063 698 successit,
1088 620 1182 682 effuso

88 739 173 778 cursu
185 722 289 780 urbem
304 728 430 799 quatuor
442 717 533 779 ferme
549 735 692 796 passuum
709 715 837 777 millibus
851 736 870 776 a
883 715 1003 778 flumine
1023 713 1182 790 distantem

88 814 273 892 petiverunt:
295 833 374 887 mox,
396 815 526 874 instante
547 813 726 886 Alexandro,
746 811 858 873 avectis
878 813 1051 894 conjugibus
1070 813 1183 874 liberie·

88 928 153 985 que,
169 921 245 988 quot
257 929 358 971 eorum
373 909 457 988 equis
470 908 581 988 eripere
594 917 761 990 potuerant,
780 918 894 968 ceteros
914 908 1055 988 reliquere
1070 907 1184 968 victori.

88 1005 115 1062 6.
134 1005 211 1064 Εοι.
224 1024 276 1065 rex
296 1005 448 1085 Meleagro
471 1016 503 1068 et
525 1004 663 1085 Philippo
687 1003 881 1066 abducendos
906 1003 1004 1064 dedit:
1026 1007 1183 1085 excisaque

88 1100 183 1171 orbe,b
195 1110 226 1161 et
244 1103 275 1162 in
296 1103 358 1182 ripa
370 1100 498 1162 fluminis
512 1100 580 1162 Jovi
594 1100 774 1179 Herculique
798 1109 829 1159 et
851 1100 905 1181 ipsi
922 1099 1008 1174 lstro,
1023 1103 1072 1181 qni
1087 1113 1183 1162 trans·

89 1196 169 1256 eunti
192 1198 336 1278 propitius
357 1198 472 1270 luisset,
487 1197 546 1257 aris
566 1197 757 1267 consecratis,
771 1195 876 1256 eodem
893 1196 941 1258 die
960 1195 1078 1258 reduxit
1100 1217 1186 1257 exer·

32 1366 37 1374 .
88 1290 189 1364 citum,
210 1293 366 1354 incruenta
387 1292 510 1354 victoria
530 1293 653 1373 potitus.
696 1295 724 1351 7.
746 1292 898 1352 Venerunt
917 1290 1025 1351 deinde
1046 1293 1184 1352 finitima-

88 1403 150 1445 mm
165 1388 311 1466 gentium,
326 1388 480 1469 Syrmique
493 1388 570 1466 regis
583 1397 714 1448 oratores
734 1406 802 1446 cum
815 1385 913 1458 donis,
926 1405 993 1465 qnoe
1008 1388 1086 1468 apud
1100 1389 1182 1466 ipsos

87 1479 115 1538 in
139 1481 240 1562 pretio
260 1482 412 1544 habentur.
455 1481 596 1543 Germani
609 1501 737 1563 qnoque,
751 1480 802 1559 qui
828 1501 921 1560 usque
936 1501 955 1540 a
968 1482 1098 1543 lontibus
1115 1483 1195 1546 latri.

88 1585 183 1636 terras
197 1575 237 1636 ad
250 1578 346 1638 sinam
360 1578 543 1639 Adriaticum
556 1586 726 1657 spectantes
741 1575 887 1648 habitant,
897 1576 1013 1654 legatos
1030 1578 1182 1644 miserant.

87 1669 167 1732 Nam
183 1673 260 1733 Ister
271 1673 302 1733 in
318 1673 478 1735 Germania
490 1675 603 1735 oritur:
623 1673 680 1752 ipsi
700 1672 795 1753 patrio
810 1671 953 1730 vocabulo
967 1679 975 1706 ‘
991 1672 1182 1734 Danubium’

88 1767 254 1846 appellant.
295 1772 326 1828 8.
347 1769 582 1848 Magnitudinem
596 1786 751 1850 corporum
764 1767 984 1846 animommque
998 1768 1179 1829 alacritatem

86 1861 253 1923 admiratus
267 1863 436 1927 Alexander
449 1864 651 1944 interrogavit,
665 1870 674 1899 ‘
690 1861 838 1932 Quidnam
850 1862 979 1922 omnium
992 1863 1117 1924 maxime
1130 1884 1182 1924 ve·
1235 1855 1245 1870 ⁸

87 1957 256 2017 retenturl'
274 1968 383 2037 putans
392 1978 475 2020 suam
486 1958 648 2039 potentiam
658 1957 872 2018 formidabilem
886 1957 959 2036 ipsis
971 1977 1048 2030 esse,
1057 1977 1183 2038 eamque

87 2069 120 2110 se
142 2051 363 2113 confessionem
385 2073 632 2134 expressurumre
652 2051 715 2112 illi‘
730 2051 802 2110 nihil
823 2071 855 2110 se
876 2069 1053 2132 magnopere
1074 2051 1186 2112 vereri'

86 2145 319 2224 respondemur,
344 2147 426 2206 ‘nisi
451 2148 536 2218 sorte,
561 2166 599 2207 ne
626 2145 732 2207 caelum
759 2147 789 2206 in
812 2146 893 2225 ipsos
920 2159 1035 2207 rueret:
1056 2157 1186 2208 ceterum

85 2241 217 2301 virorum
226 2243 345 2302 sortium
356 2243 512 2303 amicitiam
523 2241 638 2322 plurimi
649 2241 767 2300 iacere?
806 2243 836 2303 9.
858 2241 1015 2303 Perculsus
1029 2241 1186 2324 improviso

84 2355 233 2416 responso
257 2339 347 2416 paulo
369 2337 502 2405 reticuit;
537 2336 645 2397 deinde
668 2337 726 2396 boc
749 2356 838 2396 unum
860 2333 976 2408 effatus,
998 2338 1187 2412 ‘Germapos

84 2443 265 2512 arrogantes
288 2434 375 2506 erse}
388 2432 496 2505 loedus,
507 2442 540 2493 ut
558 2433 678 2514 petiere,
689 2432 789 2511 junxit
799 2456 807 2503 ς
819 2433 993 2512 ·Syrmoque
1015 2445 1045 2493 et
1064 2434 1186 2514 reliquie

84 2545 193 2604 pacem
209 2527 310 2588 dedit:
332 2528 405 2588 satis
425 2519 527 2606 gloriae
540 2549 577 2588 ea
589 2528 777 2608 expeditione
789 2538 907 2608 partum
919 2529 1099 2600 existimans,
1114 2529 1187 2588 etin

84 2621 246 2684 Persicum
270 2622 379 2682 bellum
403 2623 501 2681 animo
521 2642 691 2696 conversus,
705 2621 786 2683 unde
808 2642 876 2684 cum
898 2622 998 2682 leviori
1018 2622 1187 2684 discrimine

84 2716 182 2798 longe
198 2718 409 2797 majus'operoe
429 2718 554 2797 pretium
567 2721 788 2799 expectabatur.
833 2721 880 2779 10.
901 2720 1033 2779 Taxesse
1052 2718 1083 2779 id
1097 2739 1191 2780 arun·

82 2813 190 2872 culum
212 2812 278 2891 ejus
301 2811 503 2873 Alexandrum
527 2812 668 2885 constat‚‘
681 2833 755 2884 cum
769 2813 859 2894 paulo
878 2823 946 2893 post
966 2812 1045 2876 bello
1058 2815 1088 2876 in
1104 2815 1189 2878 ltalia

84 2907 226 2986 gerendo
241 2908 430 2987 fatigaretur:
451 2909 727 2988 nam‘inaequalem
749 2910 902 2988 utriusque
924 2919 1032 2970 sortem
1054 2919 1190 2991 questus,

82 3005 143 3066 sibi
177 3025 249 3065 cnm
264 3006 344 3065 siris
370 3025 503 3086 pugnam
529 3006 682 3067 evenisse'
707 3005 793 3077 dixit,
821 3004 1004 3068 ‘Macedoni
1031 3027 1110 3076 cum,
1126 3024 1191 3068 mu·

80 3100 233 3162 tiericus!
275 3101 323 3160 ll.
342 3101 492 3161 Ceterum
526 3101 647 3179 regulos
676 3101 833 3173 Thracum,
860 3101 969 3181 quique
997 3101 1047 3161 alii
1075 3102 1114 3161 ad
1142 3122 1188 3162 res

80 3197 247 3258 novandas
267 3196 373 3274 opibus
398 3196 580 3257 notanimis
606 3195 704 3258 idonei
729 3197 914 3274 ridebantur,
939 3195 1190 3277 specie-honoris,

80 3303 235 3372 tanquam
248 3291 462 3352 commilitones
475 3292 617 3354 adversus
632 3293 739 3352 Persas
750 3292 918 3365 ascisceret,
933 3292 1095 3361 abduxiw
1109 3294 1191 3373 capi·

80 3406 182 3472 taque
197 3388 309 3450 ademit
320 3387 510 3458 factionibus,
529 3389 593 3448 sine
607 3381 786 3468 principibus
802 3387 873 3447 nibil
891 3389 1028 3449 ausuriss
1068 3391 1115 3450 12.
1133 3389 1191 3450 Per

81 3487 242 3565 Agrianm
271 3492 303 3544 et
329 3483 458 3546 Paeonas
486 3483 693 3544 Macedoniam
717 3483 881 3564 repetentis
898 3484 1067 3564 lllyriorum
1093 3497 1191 3546 motus

81 3581 258 3642 nuntiatur.
303 3578 459 3658 Rardylisa
470 3599 507 3641 ex
523 3581 696 3641 carbonario
709 3579 865 3640 multarum
880 3580 910 3638 in
927 3600 963 3640 so
984 3589 1080 3642 tractu
1095 3581 1191 3642 natio·

81 3697 159 3737 num
176 3695 243 3746 rex,
255 3675 346 3735 etiam
362 3673 549 3735 Macedonia)
570 3676 669 3754 gravis
682 3675 866 3747 incubuerat,
881 3673 977 3736 donec
992 3693 1100 3754 magno
1116 3695 1189 3754 prse-

79 3774 123 3834 lio
136 3793 158 3833 a
174 3770 318 3851 Philippo
331 3769 438 3841 rictus,
453 3782 541 3850 atque
555 3771 720 3832 instaurato
738 3769 846 3830 deinde
866 3769 944 3829 bello
957 3769 1058 3830 fractis
1072 3770 1191 3834 omnino

111 3967 127 4000 δ
141 3963 195 4014 ld.
209 3960 255 4010 l.l.
641 4005 645 4009 ,
696 3957 816 4012 'ductim
827 3965 902 4010 nno.
914 3963 938 4010 Ι.

114 4046 128 4072 ⁶
145 4036 198 4088 Id.
213 4037 231 4085 l.
239 4036 258 4085 l.
268 4033 354 4087 strab.
363 4047 416 4086 ert.
427 4050 452 4099 p.
459 4038 518 4090 Μ.
694 4043 709 4080 Ι
723 4034 826 4106 Arrian.
837 4049 857 4086 ι.
867 4041 892 4087 a.

111 4113 127 4150 4
146 4112 216 4163 Liv.
227 4124 269 4162 rx.
280 4115 321 4160 1⁰.
694 4109 708 4144 ¹
724 4110 803 4176 Diod.
812 4111 864 4162 sie.
876 4124 934 4162 xvr.
944 4126 971 4175 p.
983 4113 1041 4166 ⁵12.

112 4196 127 4224 ⁸
146 4186 275 4240 Frontis.
284 4185 402 4250 Strateg.
413 4199 445 4237 rr.
457 4189 498 4238 11.
