2925 4867
639 414 703 478 tal

308 720 641 781 SUPPLEMENTUM
664 721 724 783 JO.
747 722 1028 785 FRElNSHEMll.

126 945 153 1003 l.
178 938 258 1004 Dnrr
273 965 309 1007 ea
322 967 375 1026 per
388 948 489 1007 Asiam
504 961 656 1027 geruntur,
677 970 714 1010 ne
732 951 764 1009 in
777 950 895 1011 Gracia
905 951 1024 1030 quidem
1042 948 1217 1011 Macedoni-

121 1058 198 1117 aque
219 1042 385 1121 tranquillae
408 1064 455 1104 res
475 1045 580 1105 luere.⁸
619 1045 778 1125 Regnabat
791 1047 870 1127 apnd
886 1047 1127 1108 Lacedaemonios
1142 1046 1217 1127 Agis

120 1134 293 1195 Archidami
305 1138 393 1211 filius,
408 1140 459 1220 qui
473 1139 639 1202 Tarentinis
653 1160 740 1222 opem
756 1143 853 1203 lenens
867 1143 1026 1217 ceciderat,
1043 1142 1148 1204 eodem
1170 1142 1219 1202 die
1290 1200 1293 1207 .

121 1249 180 1309 quo
194 1230 348 1314 Philippus
363 1235 559 1296 Athenienses
569 1236 608 1295 sd
618 1237 813 1299 Chaeroneam
827 1236 921 1299 uicit.b
960 1240 991 1300 2.
1014 1239 1044 1299 ls
1056 1238 1219 1299 Alexandri

119 1346 173 1407 per
184 1328 322 1390 virtutem
342 1332 469 1392 annulus
490 1333 570 1392 cives
593 1353 664 1394 suos
679 1334 861 1410 stimulabat,
886 1341 945 1395 ‘ne
960 1334 1108 1396 Graeciam
1128 1336 1218 1395 serri-

56 1476 64 1482 ,
119 1434 183 1484 tute
196 1426 397 1490 Macedonum
411 1429 521 1492 diutius
542 1432 635 1511 premi
654 1439 841 1511 paterentur:
863 1431 919 1491 nisi
933 1432 964 1490 in
976 1441 1108 1511 tempore
1120 1432 1219 1511 prori-

119 1520 233 1596 derent,
260 1525 338 1586 idem
364 1529 472 1607 jugum
499 1526 538 1587 sd
567 1528 649 1606 ipsos
676 1528 869 1587 transiturum
894 1546 971 1589 esse.
1014 1526 1218 1588 Annitendum

117 1617 217 1696 igitur,
231 1618 303 1680 dnm
317 1622 423 1701 aliqum
435 1622 532 1684 adhuc
548 1622 646 1685 Persis
658 1623 697 1684 ad
713 1623 910 1685 resistendum
923 1623 1000 1684 vires
1013 1636 1132 1685 essent:
1156 1624 1217 1684 illis

118 1716 279 1794 oppressis,
305 1719 448 1781 adversus
467 1720 625 1781 immanem
645 1722 809 1801 potentiam
832 1721 941 1781 frustra
963 1722 1051 1781 avita
1074 1720 1216 1783 libertatis

117 1830 262 1873 memores
284 1814 418 1875 futuros!
459 1818 488 1877 ³.
510 1817 560 1877 Sic
581 1818 728 1877 instinctis
750 1817 855 1877 animis
877 1816 1062 1877 occasionem
1084 1816 1154 1876 belli
1180 1836 1217 1879 ex

117 1910 274 1971 commodo
287 1912 437 1993 coeptandi
447 1914 746 2023 circumspiciebant.e
788 1914 881 1993 Igitur
895 1913 1036 1974 felicitate
1048 1914 1217 1974 Memnonis

115 2003 241 2078 invitati,
259 2008 385 2069 consilia
403 2029 471 2069 curn
485 2010 550 2088 ipso
565 2010 688 2070 miscere
698 2011 833 2107 aggressi
847 2019 936 2077 contr
954 2026 984 2069 et
996 2020 1154 2119 postquam
1166 2009 1216 2071 illa

116 2118 213 2159 rerum
227 2101 383 2164 lestarnm'
377 2104 460 2164 initia
472 2106 679 2185 intempestiva
693 2117 786 2166 morte
803 2104 948 2177 destituit,
960 2104 1051 2165 nihilo
1065 2106 1216 2166 remissius

116 2199 256 2275 agebant.
297 2204 328 2261 4.
352 2200 412 2262 Sed
436 2200 475 2260 ad
499 2200 723 2261 Pharnabazum
745 2213 776 2261 et
798 2200 1044 2281 Autophradaten
1064 2202 1216 2280 profectus

114 2294 202 2371 Agis,
214 2296 336 2374 triginta
353 2298 466 2377 argenti
479 2298 602 2369 talenta,
622 2290 785 2377 decemque
805 2296 936 2357 triremes
950 2296 1217 2377 impetravitque·

114 2389 256 2468 Agesilao
271 2392 353 2454 fratri
372 2393 463 2465 misit,
477 2405 509 2452 ut
523 2394 554 2452 in
574 2394 693 2453 Cretam
711 2393 876 2472 navigaret,
889 2391 974 2472 cujus
995 2391 1101 2453 insula
1119 2394 1218 2455 culto-

113 2503 163 2543 res
184 2484 259 2545 inter
283 2487 524 2549 Lacedaemonios
546 2500 578 2549 et
599 2487 785 2548 Macedonas
806 2487 929 2547 diversis
950 2486 1057 2549 studiis
1072 2487 1217 2550 distrahe·
1281 2514 1287 2525 ·

112 2582 232 2641 bantur.
274 2588 304 2644 5.
328 2584 431 2663 Legati
454 2603 573 2663 qnoque
597 2583 636 2643 ad
656 2584 780 2643 Darium
800 2582 883 2643 missi
908 2594 989 2653 sunt,
1008 2582 1058 2661 qui
1078 2583 1108 2642 in
1129 2604 1217 2645 usum

112 2676 186 2736 belli
199 2678 370 2758 ampliorem
395 2680 454 2739 rim
475 2680 620 2759 pecuniae,
639 2680 799 2760 pluresque
821 2698 911 2739 naves
932 2687 1089 2759 peterents
1117 2680 1217 2759 Atque

113 2773 182 2833 haec
196 2793 297 2834 eorum
307 2787 408 2857 coepta
421 2775 523 2837 clades
539 2777 578 2837 ad
593 2778 690 2837 lasum
700 2782 780 2853 (nam
796 2796 832 2837 ea
842 2758 1052 2853 intervenerat)
1066 2776 1141 2837 adeo
1156 2796 1216 2837 non

111 2870 323 2949 interpellavit,
348 2882 382 2931 ut
403 2874 490 2933 etiarn
517 2871 681 2951 adjuverit:
702 2874 732 2932 6.
755 2873 863 2954 quippe
883 2873 1046 2951 lugientem
1063 2872 1216 2934 insecutus

111 2966 285 3027 Alexander
307 2969 337 3026 in
360 2968 525 3047 longinqua
545 2969 611 3028 loca
635 2968 730 3048 magis
756 2970 910 3048 magisque
930 2968 1114 3049 rapiebatur:
1137 2980 1217 3029 etex

110 3063 181 3141 ipso
193 3061 297 3142 prelio
309 3065 554 3125 mercenariorum
568 3065 675 3143 ingens
695 3064 854 3126 multitudo
869 3066 899 3124 in
912 3065 1059 3125 Groeciarn
1073 3065 1146 3144 luga
1163 3086 1216 3145 pe·

110 3167 298 3220 narraverat:
320 3179 447 3239 quorum
470 3171 539 3222 octo
561 3161 654 3221 millia
677 3162 799 3223 Persica
819 3162 944 3240 pecunia
965 3162 1109 3221 conduxit
1131 3162 1216 3241 Agis,

108 3274 274 3337 eorumque
297 3276 388 3336 opera
407 3256 565 3337 plerasque
591 3258 779 3317 Cretensium
804 3259 891 3318 nrbes
914 3257 1035 3336 recepit.
1078 3258 1106 3315 7.
1138 3258 1217 3318 Cura

108 3352 256 3432 deinceps
278 3353 389 3414 Menon
414 3353 445 3412 in
468 3354 625 3413 Thraciam
647 3355 684 3413 ab
702 3352 874 3414 Alexandro
887 3353 1007 3425 missus,
1021 3352 1162 3413 barbaros
1176 3352 1215 3413 ad

107 3448 310 3509 delectionem
329 3449 506 3530 impulisset,
521 3449 620 3528 adque
641 3468 706 3509 earn
728 3446 981 3528 comprimendam
996 3446 1151 3525 Antipater
1164 3468 1216 3509 ex-

105 3549 238 3607 ercitum
251 3565 288 3606 ex
303 3544 483 3606 Macedonia
496 3546 527 3604 ln
537 3544 692 3605 Thraciam
706 3544 852 3616 duxisset,
868 3542 1088 3623 opportunitate
1099 3556 1216 3622 tempo-

103 3644 151 3703 ris
167 3652 287 3703 strenue
299 3644 348 3702 usi
362 3640 579 3703 Lacedaemonii
593 3651 686 3701 totam
704 3640 955 3720 Peloponnesum,
976 3639 1079 3719 paucis
1093 3640 1214 3699 urbibus

102 3740 256 3818 exceptis,
277 3739 308 3797 in
322 3749 421 3819 partes
436 3747 599 3812 traxerunt,
616 3738 812 3815 confectoque
827 3735 958 3796 exercitu
973 3734 1076 3813 viginti
1089 3733 1214 3794 millium

100 3834 257 3918 peditum,
277 3856 346 3897 cum
370 3836 519 3915 equitibus
533 3836 579 3895 bis
601 3834 691 3909 mille,
705 3834 796 3914 Agidi
808 3852 953 3894 summam
971 3830 1084 3910 imperit
1077 3829 1214 3891 '·dctule

137 4099 152 4125 ¹
172 4088 249 4139 Diod.
262 4094 375 4139 avrea.
717 4088 729 4123 ἢ
745 4086 1063 4147 transmeatoque.
1087 4082 1162 4132 Curt.
1174 4094 1216 4133 tv.

137 4165 152 4200 ⁸
169 4165 242 4216 Just.
253 4177 305 4215 nt.
318 4170 342 4216 t.
351 4171 377 4215 n.
401 4164 479 4216 Diod.
493 4180 567 4217 xvir.
576 4171 616 4217 nt.
684 4171 708 4219 1.
719 4170 760 4219 ⁸⁹.
785 4165 890 4217 Arrlan·
901 4177 932 4215 rr.
942 4166 1016 4215 ml.
1032 4174 1078 4213 ιιι.
1087 4165 1111 4211 ⁵.
1124 4164 1163 4211 lo.

135 4250 149 4278 θ
170 4240 388 4293 armantes.
