2925 4867
241 386 286 452 38
653 394 938 449 rnounonnnns

244 542 348 624 (iisse,
364 543 413 607 οιαδ
432 545 547 616 πολλοῖς
567 540 679 629 χρο’νοις
699 541 748 619 ἤδη
771 542 951 621 βασιλεύοντι
968 539 1135 627 Aurigam
1150 546 1204 605 rriir
1217 538 1342 620 βιβλίαν

243 650 275 713 τδ
286 646 421 735 σε’ταρτον
435 644 648 731 ἀναγινώσκειν,
662 646 688 707 ἓν
707 641 906 731 ᾧγδγρατται
921 644 982 730 τνρδ
997 648 1048 718 τῆς
1060 641 1225 725 Ἀμαζόνος·
1238 643 1287 706 τδν
1297 640 1343 705 ονἰν

243 752 417 836 Λυσίμαχον
441 747 554 836 ἀτρέμα
577 744 775 830 μειδιάσαντα,
800 748 849 809 καδ
865 750 941 825 1οεοῦ,
966 743 1066 825 Φάναν,
1090 743 1149 807 τοτ’
1172 742 1244 825 ἥμην
1266 742 1341 828 ’τροις

244 834 364 919 Strabo
391 868 457 915 xv·
481 850 556 917 698.
579 850 620 914 du
644 849 725 915 illo:
756 846 812 911 Ὃν
836 854 891 912 τοῖιν
912 845 1076 934 παραδόξων
1100 842 1342 933 ἆρχιιιοβερνῆτην

243 954 385 1040 προσείποι
411 980 453 1029 τις
477 954 522 1015 ἄν·
545 950 775 1038 ὑπερβάλλεσθαι
797 951 826 1013 δὲ
846 953 920 1014 δοκεῖ
940 948 1004 1024 τοὺς
1024 947 1173 1023 vocabas,
1187 949 1285 1022 ἐκεῖνος
1306 952 1343 1030 τῇ

243 1055 445 1142 τερατολογίᾳ.
476 1054 571 1120 Conf.
587 1052 720 1118 Arrian.
738 1070 790 1117 vl.
809 1052 842 1117 2.
862 1055 895 1118 6.
909 1058 943 1117 et
959 1068 1027 1117 vll.
1046 1053 1079 1115 5.
1093 1051 1128 1114 9.
1172 1049 1281 1113 Etiam
1298 1047 1342 1112 A.

244 1158 376 1223 Gellius
393 1158 425 1221 N
428 1164 497 1221 oct.
514 1154 587 1219 An.
605 1172 645 1219 x.
660 1158 691 1219 4.
707 1174 782 1219 eum
798 1154 1010 1219 contumelio
1024 1154 1153 1237 potins,
1169 1168 1268 1235 quam
1283 1150 1343 1214 lto

244 1260 335 1324 noris
351 1278 455 1323 causa
470 1258 631 1322 nominet.

292 1360 495 1438 clitarchus,
510 1357 752 1424 Alexandrinae
768 1359 999 1445 expeditionis
1013 1357 1127 1423 itidem
1143 1374 1256 1421 comes
1270 1354 1342 1419 Res

247 1464 289 1527 ab
305 1464 368 1527 istu
384 1482 459 1545 rege
481 1468 606 1546 gestas,
625 1481 693 1526 uon
710 1461 847 1545 quidem
862 1465 900 1525 ut
914 1480 1027 1525 veram
1043 1466 1078 1525 et
1090 1457 1234 1523 solidam
1251 1476 1344 1521 com·

245 1570 384 1648 poneret
407 1563 610 1639 Historiam,
627 1562 686 1625 sed
708 1570 746 1626 ut
766 1563 933 1645 ingenium
948 1581 1046 1627 suum
1061 1567 1228 1626 exerceret
1242 1565 1343 1642 atque

246 1672 443 1740 ostentaret,
458 1666 644 1730 describere
659 1672 800 1730 conatus
814 1673 878 1729 est.
904 1664 1076 1747 Longinus
1092 1680 1148 1726 ur.
1162 1662 1196 1726 2.
1210 1660 1344 1743 ρλοιῶδος

246 1768 271 1831 δ’
293 1771 360 1854 ἀνὴρ
381 1766 600 1855 (Κλείταρχος)
621 1768 671 1831 καὶ
695 1772 803 1845 ᾠοσῶν,
820 1771 899 1831 sarri
920 1768 966 1830 τδν
981 1762 1147 1847 Σοφοκλέα,
1162 1766 1193 1827 οδ
1214 1763 1345 1848 σμικροῖς

245 1869 475 1950 μδναῦλδσκοισι
490 1872 653 1957 φορβειᾶςδ
668 1866 750 1960 ἄτερ,
765 1871 868 1956 quod,
883 1870 967 1934 ulie
983 1867 1154 1935 Ciceronis
1173 1864 1217 1931 ad
1239 1865 1343 1930 Attio.

249 1972 289 2036 ον’.
304 1970 366 2055 Ep.
381 1972 435 2037 16.
451 1972 623 2052 discimus,
637 1974 678 2037 de
694 1975 736 2039 iis
750 1976 986 2057 usurpabatur,
1002 1971 1062 2056 qni
1085 1970 1119 2033 in
1136 1986 1255 2050 magna
1270 1968 1344 2051 qni·

207 2092 210 2099 ·
247 2074 371 2139 dentre
389 2076 620 2151 versabantur,
642 2073 700 2137 sed
724 2074 859 2139 modum
882 2080 991 2139 temen
1011 2070 1229 2136 excedebant.
1274 2068 1343 2133 Gli·

248 2176 385 2239 tarchus
400 2183 512 2240 autem
528 2196 593 2240 nou
609 2177 716 2241 solum
733 2177 769 2239 iu
790 2176 922 2258 mugnis
941 2176 1041 2239 rebus
1056 2192 1192 2237 remens
1207 2172 1344 2236 modum

246 2278 405 2354 excessit,
429 2278 491 2343 sed
514 2278 741 2343 minutissima
761 2265 854 2361 saepe
878 2277 1013 2360 grandia
1032 2276 1125 2341 iecit.
1170 2276 1229 2340 Sic
1256 2291 1290 2337 ν.
1313 2294 1344 2337 c.

247 2376 439 2443 Demetrius
453 2379 636 2444 Phalereus
652 2382 685 2445 in
699 2379 823 2444 libello
834 2379 902 2465 Περὶ
917 2375 1082 2466 'lipparim
1091 2376 1166 2442 ³04.
1176 2377 1252 2460 jure
1267 2393 1344 2441 eum

247 2480 344 2557 ridet,
360 2481 461 2564 quod,
477 2500 552 2545 cnm
569 2480 611 2545 de
627 2482 772 2559 animali,
787 2480 920 2547 Graecis
935 2477 1082 2566 τινορηδιδι
1095 2479 1198 2554 dicto,
1213 2480 1281 2556 ζῶον
1294 2500 1347 2556 με·

247 2579 1347 2668 λίοσρὲιικός(οἰηονΨοερο)ιιοποτοι,ιιοοοΙίοονείοΙοοοιοο,οοοιιι

181 2750 193 2775 x
247 2684 329 2748 side
345 2683 414 2747 fero
431 2685 527 2761 bove,
542 2684 595 2748 vel
610 2703 694 2765 apro
710 2682 928 2768 Erymanthio
941 2688 1031 2747 esset
1042 2700 1163 2745 sermo.
1186 2680 1346 2745 Scilicet:

249 2783 439 2867 κατανίμνται
453 2788 505 2868 μὲν
518 2788 566 2864 τὴν
581 2788 690 2871 ὀρεινὴν,
706 2786 869 2850 tiniarum
883 2786 912 2848 δὲ
922 2790 959 2859 εἰς
970 2788 1021 2858 τὰς
1037 2783 1135 2857 κοίλας
1147 2784 1219 2870 δρῦς.
1234 2783 1346 2847 'Hunc

249 2885 361 2973 ἄχαριν
374 2887 516 2974 τὸνλόγον
530 2885 594 2971 ἅμα
608 2889 657 2951 καὶ
671 2889 795 2976 ψυχρὸν,
811 2892 859 2955 uti
875 2890 1000 2954 ibidem
1013 2893 1161 2965 vocatur,
1172 2894 1205 2951 et
1219 2886 1347 2953 similia

248 2988 369 3055 Cicero
391 2993 463 3058 sine
487 2991 588 3055 dubio
608 2996 768 3074 respexit,
784 3013 860 3057 cum
876 2992 918 3055 de
934 2992 1051 3075 Legib.
1067 3007 1093 3053 1.
1106 2988 1139 3053 2.
1153 2991 1203 3054 ita
1217 2989 1346 3053 scribe-

200 3158 205 3169 ,
247 3100 313 3157 ret:
330 3092 495 3158 ‘Sisenna
506 3113 623 3158 omnes
636 3093 747 3159 adhuc
760 3099 895 3158 nostros
907 3094 1098 3177 scriptores,
1113 3091 1179 3155 nisi
1190 3091 1249 3173 qui
1261 3090 1347 3156 sorte

246 3193 391 3258 nondum
418 3194 605 3270 ediderunt,
631 3193 821 3277 dequibus
847 3195 1040 3259 existimare
1064 3212 1131 3257 non
1147 3212 1344 3275 possumus,

246 3292 345 3359 facile
360 3294 543 3377 superarit.
589 3294 624 3359 ls
640 3302 751 3360 tamen
762 3315 872 3380 neque
892 3294 1015 3360 Orator
1029 3296 1064 3359 in
1080 3313 1216 3358 numero
1231 3302 1345 3359 vestro

250 3403 303 3459 cst
314 3396 446 3461 habitus
459 3402 493 3460 et
504 3397 538 3459 in
550 3396 705 3461 Historia
717 3398 843 3480 puerile
855 3398 1014 3481 quiddam
1027 3402 1184 3473 sectatur,
1196 3402 1235 3461 ut
1243 3416 1348 3465 unum

246 3496 461 3573 Clitarchum,
485 3516 591 3579 neque
605 3502 775 3580 ‚praeteres
799 3518 988 3583 quenquam
1010 3500 1051 3564 de
1075 3500 1208 3565 Graecis
1223 3498 1347 3581 legisse

246 3597 422 3662 videatur:
444 3617 518 3662 eum
529 3604 640 3663 tamen
652 3600 740 3664 velle
752 3601 918 3666 duntaxat
929 3602 1074 3666 imitari:
1097 3620 1196 3683 quem
1208 3601 1239 3664 si
1251 3620 1348 3666 asse·

247 3698 306 3782 qui
318 3705 444 3782 posset,
465 3700 668 3783 aliquantum
685 3704 728 3768 eb
746 3705 874 3785 optimo
889 3712 994 3770 tamen
1010 3702 1168 3768 abesset?
1213 3702 1349 3781 Quinti·

246 3801 359 3864 lienus
371 3801 428 3865 lib.
445 3817 482 3866 x,
501 3803 527 3865 l.
551 3802 730 3869 ‘clitarchi
743 3808 907 3887 probatur
919 3807 1096 3889 ingenium,
1107 3805 1190 3871 tides
1203 3804 1348 3871 infama-

248 3901 319 3967 tur!
363 3902 498 3967 Curtius
513 3905 565 3968 bis
581 3926 657 3969 eum
672 3908 757 3972 citat
771 3924 826 3971 rx.
842 3910 874 3974 5.
889 3912 942 3974 27.
963 3903 1038 3995 (ubi
1056 3927 1132 3972 eum
1152 3906 1204 3971 vel
1220 3910 1350 3973 securi·

246 4005 327 4068 tulis
342 4006 393 4068 vel
409 4005 615 4070 credulitatis
634 4009 784 4094 incusat)
798 4017 831 4074 et
846 4028 903 4076 rx.
919 4011 951 4075 8.
966 4012 1019 4074 15.

291 4106 449 4189 Hegesiae
466 4106 634 4189 ltlugnesii
657 4113 785 4195 scripta
808 4110 851 4175 Α.
873 4112 1007 4177 Gellius
1024 4127 1078 4175 rx.
1093 4113 1126 4175 4.
1148 4110 1348 4178 Graecorum

246 4208 342 4273 libris
356 4218 549 4274 annumerat
564 4211 795 4278 miraculorum
811 4213 1067 4297 fabularumque
1083 4212 1204 4297 plenis.
1250 4215 1349 4297 Stylo
