2925 4867
274 317 319 384 98
669 338 703 386 r.
728 336 980 388 rasissrrmrrr

275 477 453 561 prodiderat,
463 479 494 539 in
508 477 583 559 luga
594 476 726 560 adjuvit:
750 480 838 542 armis
850 479 932 542 band
946 499 1019 542 sane
1030 479 1140 542 onerati
1155 497 1208 560 per
1220 481 1353 546 notaloca

274 575 362 638 facile
375 575 482 654 dilapsi
496 584 587 635 sunt:
608 575 651 635 ita
663 576 839 639 desideratis
853 575 982 638 exomni
996 595 1118 636 numero
1131 575 1209 638 mille
1223 577 1353 656 quingen·

273 670 324 743 tis,
338 682 452 731 ceteros
472 669 544 750 luga
563 670 703 732 abstulit:
724 673 878 734 mulierum
900 691 1114 753 puerorumque
1133 672 1249 752 ingenti
1267 673 1353 734 multi·

273 768 386 840 tudine,
399 765 559 846 praedaque
581 765 784 846 prolocutum
808 765 978 830 conditione
999 767 1072 828 eatis
1086 769 1193 849 ampla,
1207 769 1295 829 victor
1306 787 1352 848 po·
1455 745 1456 808 l

272 865 346 925 titus
359 873 415 924 est.
456 864 506 920 23.
528 861 578 920 Sic
591 872 694 942 aperto
706 863 816 925 montis
829 865 906 924 AEmi
921 863 1058 937 transitu,
1071 865 1101 924 in
1122 863 1260 934 interiora
1272 863 1352 926 'lbra-

273 961 328 1021 cise
342 968 524 1038 penetratum
538 967 608 1017 esta
649 957 746 1020 anus
757 959 842 1021 estin
856 958 891 1020 iis
905 959 1053 1040 gentibus,
1063 978 1152 1040 quem
1164 959 1267 1020 Libero
1282 959 1352 1022 Patri

272 1057 402 1118 dicatum
411 1050 656 1133 priscareligione
664 1053 784 1116 colunt:
806 1059 856 1116 24.
870 1055 910 1116 ibi
918 1075 986 1117 cum
996 1055 1163 1117 Alexander
1169 1055 1291 1116 barbaro
1303 1054 1351 1116 rita
1455 1075 1456 1082 ¹

272 1147 566 1222 sensumsensurn
581 1147 640 1208 aris
653 1146 834 1222 infunderet,
849 1159 932 1210 tanta
945 1150 1074 1212 flammm
1085 1149 1130 1211 vis
1144 1151 1248 1230 erupit,
1267 1160 1300 1211 nt
1310 1170 1353 1211 su·

269 1259 373 1330 persto
397 1245 473 1306 aedis
499 1242 649 1316 culmine*
675 1245 705 1305 in
735 1247 840 1307 coelum
867 1247 991 1308 emicare
1014 1247 1181 1308 videretur:
1213 1243 1352 1308 ‘eosdem
1455 1313 1456 1326 χ

273 1342 377 1423 glorias
398 1341 472 1400 fines
496 1338 558 1417 tegi
581 1338 721 1412 ostendi,'
749 1361 852 1402 omnes
874 1342 1036 1404 credidere.
1078 1345 1130 1404 25.
1150 1341 1218 1402 Alia
1239 1338 1354 1404 subinde

270 1458 318 1499 res
332 1437 468 1497 nuntiata
485 1437 589 1518 prioris
610 1434 737 1515 prodigii
759 1435 848 1496 iidem
863 1436 1028 1499 affirmarit.
1070 1438 1104 1504 in
1125 1437 1296 1506 Thracibus,
1308 1435 1354 1516 qui

270 1544 281 1572 ⁸
296 1533 437 1615 Odrysm'
450 1533 645 1612 appellantur,
660 1530 814 1592 Libethrus
839 1552 923 1593 mons
944 1545 975 1595 et
988 1533 1090 1594 ciritae
1112 1545 1168 1606 est,
1183 1533 1292 1613 Orphei
1306 1550 1354 1590 na·

269 1630 379 1692 talibus
403 1629 531 1708 inclyta:
563 1627 650 1706 ‘ejus
674 1647 789 1688 maram
813 1629 939 1709 effigiem
966 1650 1004 1692 ex
1026 1649 1167 1710 cupresso
1191 1629 1354 1690 fabricatam

268 1729 362 1786 multo
375 1725 482 1788 sudore
496 1722 671 1794 manasse,’'
682 1723 735 1801 qui
749 1721 890 1799 viderant,
904 1723 942 1784 ad
957 1744 1054 1804 regem
1066 1707 1209 1785 retulere(
1240 1726 1290 1784 26.
1311 1723 1355 1782 De

268 1819 509 1900 interpretatione
529 1817 652 1878 solicitis
665 1818 839 1879 Aristander
856 1819 965 1880 exemit
985 1831 1106 1893 metum,
1127 1819 1190 1879 ‘ad
1211 1837 1257 1880 res
1271 1818 1356 1880 dlex·

271 1917 355 1979 andri
373 1913 537 1997 pertinere’
550 1931 734 1986 asseverans,
757 1913 888 1992 ‘quibus
906 1913 1102 1976 decantandis
1127 1914 1237 1976 alumni
1251 1914 1356 1996 filiique

271 2014 428 2074 Musarum
449 2009 573 2071 multum
595 2008 770 2069 desudaturi
793 2011 913 2070 meent!
953 2013 1003 2071 27.
1025 2011 1145 2072 Triballi
1158 2009 1258 2072 salida
1279 2012 1357 2072 natio

269 2121 351 2170 trans
365 2117 495 2168 montem
510 2105 626 2166 AEmum
640 2106 762 2167 colunt:
783 2105 814 2164 in
828 2125 880 2166 eos
893 2124 961 2165 cum
975 2105 1166 2168 descenderet
1182 2105 1357 2179 Alexander,

270 2223 323 2264 rex
337 2202 434 2282 gentis
456 2201 577 2280 Syrmus
600 2199 631 2258 iu
644 2200 770 2261 Peucen
795 2201 863 2261 lstri
887 2199 1013 2266 insulam
1035 2200 1357 2282 confugerat‘expedi-

269 2301 350 2360 tione
372 2295 545 2356 Macedonis
566 2295 660 2355 multo
681 2306 751 2355 ante
771 2305 941 2376 compertae
963 2315 1055 2377 seque
1074 2305 1105 2356 et
1117 2297 1259 2378 quicquid
1270 2307 1358 2358 aetate

252 2394 316 2454 ‘rel
330 2411 403 2454 sexu
414 2390 575 2454 invalidum
593 2401 666 2462 erat,
680 2389 797 2468 objecto
810 2389 905 2450 amnis
919 2391 1101 2452 munimento
1119 2395 1267 2454 tuebatur.
1306 2393 1357 2454 te.
1455 2455 1456 2464 ,

267 2489 386 2570 Quippe
398 2486 568 2549 Alexandro
586 2505 690 2566 paucoe
705 2506 796 2546 nares
810 2497 912 2555 etanta
933 2477 1006 2548 etin
1028 2505 1135 2568 aspera
1152 2498 1359 2570 prmruptsqne

267 2587 332 2666 ripa
352 2582 481 2646 difficilis
505 2582 670 2656 exscensio,
691 2584 730 2643 ab
753 2582 839 2643 hoste
859 2583 974 2644 intento
993 2581 1152 2664 validoque
1173 2584 1253 2644 haud
1278 2605 1361 2664 agre

266 2681 490 2762 impediebatur.
531 2679 582 2738 29.
603 2679 650 2740 lta
671 2677 854 2740 Macedones
877 2699 908 2740 re
927 2678 1037 2740 inlecta
1058 2679 1269 2752 discesserunt,
1284 2699 1360 2742 cona

266 2778 342 2840 tenti
356 2777 439 2837 illata
450 2775 554 2855 paucis
567 2786 637 2835 ante
650 2773 754 2836 diebus
778 2773 884 2844 clade;
905 2794 974 2836 nam
995 2776 1165 2856 priusquam
1186 2795 1223 2836 eo
1237 2795 1361 2855 proees-

266 2876 386 2945 sissent,
410 2872 502 2933 alium
526 2869 721 2930 Triballorum
749 2872 909 2934 exercitum
936 2871 1044 2946 adorti,
1068 2872 1116 2934 vix
1141 2871 1362 2952 quinquaginta

263 2989 384 3032 suorum
395 2967 523 3040 amissis,
534 2966 591 3027 tria
603 2965 754 3028 hominum
768 2965 860 3027 millia
873 2966 1066 3030 occiderant..

304 3065 375 3126 ΧΠ.
411 3067 440 3126 l.
460 3065 564 3145 Syrmo
577 3082 648 3142 rege
660 3063 857 3144 nequicquam
870 3063 1090 3144 oppugnatam
1106 3062 1199 3138 Getas
1209 3067 1364 3128 convertit

261 3162 415 3243 impetum,
428 3158 479 3238 qui
496 3157 526 3217 in
547 3157 685 3218 ulteriore
699 3156 762 3238 ripa
783 3167 909 3238 quatuor
930 3159 1072 3238 equitum,
1095 3158 1199 3218 decem
1219 3158 1363 3237 peditum

261 3256 354 3317 millia
365 3257 575 3316 instruxerant.
615 3255 645 3312 2.
663 3253 698 3312 ld
710 3253 873 3332 periculum
888 3272 948 3313 non
963 3265 1023 3316 tam
1036 3273 1074 3324 ex
1086 3273 1141 3314 usu
1154 3253 1224 3313 belli
1238 3259 1364 3318 sumsit,

261 3371 350 3432 quam
361 3351 498 3429 cupidine
518 3349 625 3416 larum
646 3359 680 3407 ut
692 3357 701 3382 ⁴
713 3347 871 3407 maximum
882 3347 1008 3428 Europa
1021 3349 1154 3423 flumen:
1166 3349 1364 3414 defendenti·

260 3449 315 3506 bns
336 3443 524 3506 ferocissimis
547 3443 694 3524 gentibus,
708 3443 893 3506 transivisse'
910 3444 1029 3524 gloriari
1053 3457 1164 3524 posset.
1207 3451 1235 3506 3.
1258 3449 1364 3528 igitur

259 3541 417 3622 equitibus,
429 3547 577 3618 quotquot
589 3557 693 3617 capere
708 3538 824 3620 navigia
841 3551 988 3620 poterant,
1001 3543 1156 3626 impositis,
1168 3541 1365 3620 pedestrium

259 3639 410 3718 copiarum
430 3646 544 3716 partem
564 3635 711 3709 lintribus,
733 3655 858 3716 quorum
879 3635 920 3696 ibi
941 3655 1050 3715 magna
1068 3647 1132 3697 erat
1154 3637 1251 3717 copia,
1278 3640 1365 3702 alim,

257 3735 370 3796 utribus
380 3728 558 3792 transduxit.
598 3735 630 3791 4.
644 3732 806 3814 Improvisa
817 3731 1016 3795 Macedonum
1026 3733 1217 3812 impressione
1227 3737 1364 3818 (quippe

241 3827 488 3893 ‘transmittentes
509 3845 579 3898 nox,
603 3838 635 3889 et
656 3829 687 3889 in
707 3828 781 3909 ripa,
804 3847 893 3907 quam
916 3829 1069 3909 petebant,
1093 3827 1187 3889 densa
1211 3830 1365 3892 frumenti

287 4015 435 4066 sumet.
444 4017 549 4070 flatum.
561 4034 581 4070 r.
591 4023 630 4070 18.
853 4017 1322 4087 ¹Arrtsn.r.asanb.vrr.p.aor.

286 4099 298 4126 ²
313 4090 421 4141 Sneton.
433 4092 527 4146 Oetes.
536 4111 561 4147 e.
569 4101 611 4152 94.
852 4102 864 4129 ⁸
879 4093 981 4146 Arrisn.
992 4109 1011 4148 r.
1023 4102 1048 4148 ⁴.

286 4175 297 4202 ⁸
313 4165 385 4218 Plnt.
396 4165 470 4220 ates.
479 4185 506 4234 p.
515 4175 572 4221 ott.
581 4171 684 4223 Artlan.
694 4187 714 4233 r.
722 4175 764 4223 11.
