2925 4867
340 378 468 428 suern.
492 379 532 427 ιη
557 381 592 439 o.
614 380 889 430 ouamunzrne.
913 384 936 428 r.
1147 367 1191 430 {at

95 539 157 582 men
177 519 385 582 subeundum:
407 541 487 583 nuuc
508 521 668 584 celeritatis
690 523 797 601 tangis,
820 543 907 600 quam
923 523 1026 582 virium
1041 535 1188 586 certamen

95 639 167 679 esse.
208 617 299 686 Quod
313 619 339 678 si
353 617 500 678 adversus
509 619 644 698 singulos
657 619 784 678 audacie
800 639 857 678 non
873 632 969 686 esset;
991 621 1063 700 quid
1079 624 1188 682 deinde

94 715 232 788 laturum,
245 715 272 776 si
285 727 396 776 metum
409 715 549 776 confesso
560 733 664 774 omnes
679 734 737 774 uno
752 715 861 794 impetu
877 716 1157 796 superfunderentur
1167 717 1190 776 l’

97 812 140 871 11.
164 811 221 871 llis
234 811 343 872 deinde
357 811 551 888 congruentia
565 809 604 869 ad
618 811 760 888 populum
773 811 901 882 locutus,
913 811 1034 892 adjecit,
1048 813 1190 874 ‘ellectu-

95 928 155 968 rem
170 929 214 980 se,
227 920 262 969 ut
273 908 354 969 cives
375 907 537 986 hostesque
552 907 638 966 fateri
658 917 845 986 cogerentur,
868 919 969 988 erepto
984 921 1071 990 patre
1080 929 1188 991 corpus
1248 927 1251 934 ’

95 1023 259 1082 numenque
282 1005 360 1082 repis
379 1015 525 1063 mutatum
546 998 640 1069 esaei
658 1004 816 1064 consilium
831 1005 1020 1086 animumque
1035 1027 1095 1068 non
1111 1007 1189 1069 desi-

95 1099 200 1160 derari.
245 1102 292 1160 14.
313 1101 388 1158 Eam
402 1117 498 1159 rerum
510 1100 733 1158 conversionem
754 1101 916 1162 nonnullos
936 1104 1124 1164 occasionem
1139 1115 1188 1164 trr-

95 1194 259 1255 nnltuandi
272 1196 438 1275 putauieaez
460 1193 516 1254 sed
529 1195 608 1254 breti
623 1215 728 1274 prenae
740 1195 874 1260 daturos.
914 1202 960 1258 16.
980 1201 1073 1260 Modo
1088 1202 1190 1262 Maee-

95 1291 189 1351 tbnea
209 1291 331 1352 eosdem
352 1292 479 1363 animos,
492 1291 614 1353 eosdem
638 1293 768 1354 lacertos
789 1295 845 1354 sibi
869 1295 1101 1368 commodarent,
1114 1317 1189 1376 quoe

95 1396 179 1450 unta
197 1408 266 1449 crim
285 1389 415 1469 ipsorum
437 1387 540 1466 gloria,
555 1399 698 1468 tantoque
711 1391 842 1452 uictoriae
858 1392 966 1465 bactu,
980 1394 1055 1470 patri
1070 1411 1125 1454 suo
1140 1413 1191 1473 per

95 1495 137 1546 tot
149 1503 248 1546 annos
260 1485 479 1565 praestitissent.
524 1485 571 1545 16.
592 1485 628 1546 ld
648 1506 710 1566 quo
732 1489 876 1566 promtius
900 1489 1087 1568 alacriusque
1109 1491 1191 1550 sace-

95 1593 170 1654 rent,
180 1583 311 1648 omnium
320 1582 548 1662 praetermilitiee
559 1585 743 1642 mentionem
755 1584 826 1662 ipsis
836 1583 1022 1644 concedere!
1049 1587 1094 1644 17.
1109 1587 1189 1645 Con·

95 1679 193 1738 silium
213 1679 294 1757 regis
314 1679 437 1739 fortuna
457 1677 671 1757 comprobavit.
701 1679 782 1737 ‘Non
805 1681 937 1758 segnius,
957 1699 1051 1758 quam·
1071 1681 1190 1742 locutus

96 1775 200 1848 taret,
214 1774 334 1855 singule
346 1795 522 1855 aggressum
536 1775 726 1836 felicissimus
738 1775 868 1836 omnium
883 1775 980 1837 exitus
995 1787 1115 1838 secutus
1129 1787 1187 1838 est.

95 1869 132 1932 lit
144 1873 305 1951 Amyntam
319 1872 449 1951 quidem,
462 1872 620 1952 patefactis
634 1892 711 1951 quae
727 1873 779 1932 ille
793 1885 939 1934 struxerat
953 1873 1080 1944 insidiis,
1099 1893 1190 1935 occu·

95 1969 193 2044 paritz
213 1959 346 2029 Attalum
360 1988 411 2048 per
428 1969 602 2028 Hecataeum
616 1970 882 2036 etParrnenionem
898 1970 1044 2029 sustulit*
1083 1973 1130 2029 18.
1147 1972 1191 2029 Ex

94 2061 137 2134 iis,
157 2049 237 2142 quos
258 2065 289 2123 ia
312 2062 440 2144 Philippi
465 2083 568 2124 necem
595 2067 784 2125 consensisse
810 2084 907 2124 rumor
932 2066 1084 2141 arguebat,
1100 2083 1191 2123 unnrn

95 2158 294 2220 Alexandrum
310 2161 486 2240 Lyncestem
507 2161 616 2220 exemit
636 2162 802 2240 supplicio,¹
818 2160 898 2239 quod
921 2159 1071 2241 imperium
1094 2161 1189 2220 susci-

93 2253 187 2332 pienti
208 2255 353 2330 affuisset,
376 2257 547 2337 primusque
572 2258 708 2336 ‘regern'
731 2258 911 2318 salutemet:
933 2265 1047 2318 ceteros
1069 2254 1189 2319 occidit.

96 2352 142 2414 19.
163 2353 210 2412 Ea
224 2355 381 2417 severitate
396 2373 479 2414 auam
494 2355 619 2416 salutem
633 2356 663 2414 in
675 2354 809 2413 vindicta
824 2353 951 2432 Philippi
971 2352 1077 2412 muniri
1090 2353 1195 2412 crede·

92 2449 158 2519 bet;
182 2451 270 2510 simul
284 2451 395 2511 aboleri
409 2451 527 2522 fernam,
541 2471 602 2529 qua
622 2461 655 2509 ut
676 2451 817 2510 conscius
842 2461 973 2528 pateruae
998 2447 1088 2506 caedis
1110 2459 1194 2508 nota·

92 2545 189 2607 batur.
228 2548 280 2608 20.
302 2548 421 2605 Crebrae
437 2547 577 2605 intereos
591 2544 748 2606 discordiae
764 2545 850 2605 fidem
867 2544 1027 2624 suspicioni
1041 2545 1191 2610 fenerante

92 2653 121 2701 et
133 2652 275 2722 questum
287 2644 407 2731 injuriap
422 2642 602 2701 Pausaniam
621 2643 659 2700 ad
679 2641 796 2702 facinus
820 2642 1010 2700 confirmasse
1025 2640 1191 2699 serebatur:

93 2739 210 2815 prolato
234 2757 273 2798 ex
294 2737 452 2816 Tragoediu
476 2737 636 2807 carmina·
661 2756 720 2815 quo
736 2736 846 2796 Medea
861 2745 870 2771 ⁴
883 2736 990 2814 pariter
1004 2733 1102 2814 pellici
1118 2755 1192 2808 sure,

92 2837 204 2914 quique
217 2853 282 2895 earn
294 2833 325 2893 in
339 2833 554 2893 matrimonium
567 2832 673 2892 Jasoni
688 2832 870 2904 tradidisset,
883 2846 914 2891 et
929 2831 1018 2911 cujus
1029 2831 1059 2890 in
1074 2851 1193 2890 manum

93 2932 292 3003 arvennae,
301 2930 380 2990 idem
389 2929 520 2990 esitium'
528 2930 704 2991 minabatur.
716 2931 751 2987 21
761 2930 876 2988 .Verum
888 2930 1022 3006 ipsecum
1030 2927 1194 3007 aliqnando

93 3025 178 3086 Darii
196 3027 340 3106 Epistulae
357 3026 560 3106 responderet,
574 3026 714 3085 iuvidiam
728 3026 758 3084 in
770 3025 877 3090 Persae
898 3025 1054 3085 transferre
1068 3035 1193 3084 conatus

93 3131 172 3194 ως·
206 3123 348 3182 ‘illorum
380 3141 453 3182 auro
487 3141 677 3200 percussores
703 3120 841 3200 Philippo
868 3132 1054 3201 comparetur
1081 3120 1195 3181 luisse.'

91 3222 142 3278 22.
163 3219 292 3298 Quoque
306 3219 533 3298 magisornnem
552 3219 650 3298 oulpre
671 3218 870 3298 suspicionem
892 3225 1067 3295 extergeret,
1081 3227 1193 3294 postre-
1313 3263 1319 3270 .

92 3334 140 3374 mo
153 3314 227 3376 vitre
238 3326 369 3394 tempore
385 3315 573 3393 magnificum
586 3313 725 3394 Philippo
741 3313 902 3393 templnm⁰
926 3325 1060 3374 extruere
1080 3311 1191 3389 cogitn-

91 3421 196 3472 rerat:
226 3410 269 3483 id,
290 3411 367 3472 inter
390 3412 448 3470 alia
471 3412 501 3468 in
522 3409 739 3470 commentariis
766 3409 831 3488 ejus
854 3417 979 3488 reperta,
1004 3425 1192 3468 successores

92 3508 261 3664 wiggeri...
276 3603 353 3665 Cum
375 3615 474 3664 autern
495 3601 535 3662 nd
550 3601 730 3681 perficienda
743 3621 811 3681 quoe
833 3601 931 3661 animo
946 3600 1087 3679 agitabat,
1101 3601 1194 3658 maxi·

93 3717 174 3758 mum
189 3699 229 3776 inl
241 3719 279 3760 eo
292 3712 473 3758 momentum
486 3700 615 3778 positum
637 3699 836 3771 arbitraretur,
851 3707 884 3758 ut
898 3695 1024 3757 Graecia
1047 3695 1193 3774 principa·

123 3923 130 3954 ¹
148 3922 231 3973 Diod.
248 3924 301 3974 Sic.
320 3936 389 3973 xvir.
409 3939 437 3988 p.
454 3927 511 3974 ool·
524 3923 628 3978 Justin.
665 3921 764 3973 lustin.
776 3925 884 3972 xum.

90 3999 108 4046 1.
121 4000 139 4048 Ι.
698 4006 716 4031 ·
731 3999 803 4048 Plut.
816 3997 891 4046 Alex.
903 4011 929 4059 p.
936 3999 994 4046 610.

123 4075 136 4108 '¹
153 4075 236 4126 Diod.
258 4091 330 4126 arri.
352 4091 377 4141 p.
399 4081 457 4126 564.
481 4076 555 4126 Curt.
573 4089 625 4125 vn.
697 4081 709 4106 ¹
725 4074 829 4124 Arriam
840 4086 872 4123 rr.
886 4077 926 4122 lt.
943 4073 1017 4123 Cart.
1030 4083 1068 4120 iv.
1081 4074 1103 4120 1.
1114 4073 1156 4120 12.

92 4156 115 4202 1.
127 4157 154 4202 s.
696 4155 709 4183 0
726 4150 805 4200 Diod.
816 4149 868 4200 Sic.
882 4161 964 4198 nvnr.
977 4163 1003 4212 p.
1014 4147 1073 4198 ott.

120 4229 130 4261 ¹
147 4229 258 4278 Anien.
275 4243 328 4278 ru.
346 4233 388 4279 bb.
405 4229 479 4280 Curt.
494 4240 546 4277 vrr.
564 4231 588 4276 l.
599 4230 625 4276 ⁰.
