2925 4867
361 373 489 425 surra.
513 375 553 425 ru
579 377 614 438 n.
636 375 810 426 ouarrun
837 378 906 428 urs.
932 379 955 428 r.
1138 365 1202 432 107

111 517 191 578 urbis
215 535 319 578 surum
343 516 375 575 iu
395 517 477 580 sinus
501 528 554 580 aut
577 517 706 580 amicula
725 527 889 580 statuarum
906 518 1090 590 abdiderint:
1111 521 1200 602 idque

110 611 225 672 salsum
239 612 411 692 repererint,
435 633 502 674 cum
525 615 667 695 vigesimo
688 625 758 696 post
779 634 858 676 anuo
872 616 1042 676 Cassander
1055 619 1202 698 Antipatri

110 707 188 768 lilius
200 707 318 767 Tmbaa
332 707 526 770 instauraret.¹
559 713 607 771 10.
621 711 710 781 Quod
723 711 843 792 quidem
857 730 917 771 uon
931 723 991 772 tam
1004 713 1202 774 misericordia

109 801 141 862 iu
162 803 303 883 profugos
323 803 429 864 iecisse
452 805 598 874 erediturr
619 825 711 884 quam
728 817 765 865 ut
783 805 953 878 Alexandri,
974 825 1062 886 quem
1087 807 1201 882 oderat,

109 898 233 977 gloriam
246 899 432 961 detrectaret.
463 899 640 979 Quanquam
653 909 751 961 numm
763 911 891 962 veterem
900 920 1047 962 murorum
1060 904 1201 966 ambitauu

108 994 176 1056 urbi
195 995 390 1064 restituissete
410 1014 507 1074 neque
527 1015 624 1058 mores
642 997 791 1076 antiquos,
811 1016 907 1075 neque
920 998 1067 1058 lonunam
1080 998 1202 1060 reddere

108 1089 227 1169 potuit:
248 1110 400 1170 uunquam
420 1101 527 1171 postea
546 1092 714 1164 resurrexit,
727 1103 762 1152 ut
774 1092 1011 1154 convalesceret:
1035 1093 1089 1155 aed
1101 1094 1201 1156 multis

108 1185 237 1248 comode
249 1185 466 1248 calamitatibus
479 1197 595 1260 venta,
607 1189 658 1247 six
670 1187 768 1248 tenuis
782 1187 882 1268 oppidi
897 1189 1026 1268 speciem
1039 1189 1078 1249 ad
1092 1209 1201 1250 memo-

107 1280 182 1342 riam
195 1291 326 1344 nostram
339 1283 470 1344 retinuit.
501 1285 550 1344 ll.
563 1284 741 1344 Poeuituisee
752 1293 858 1363 postea
871 1284 969 1344 lerunt
978 1284 1201 1358 Alexandrum,k

107 1375 192 1454 quod
205 1376 313 1436 excisis
325 1376 434 1438 Thebis
446 1377 528 1438 velut
539 1377 665 1438 alterum
676 1378 803 1440 Grsacioe
815 1379 933 1440 oculum
946 1381 1085 1442 emicante
1099 1381 1200 1461 utique

105 1481 268 1552 postquam
282 1471 352 1532 Cliti
365 1472 490 1544 caedem,
504 1483 536 1532 et
547 1471 748 1534 Macedonum
768 1473 927 1554 ignaviam,
940 1475 1155 1554 expeditionem
1168 1476 1199 1536 iu

105 1566 269 1644 penitiores
295 1567 387 1628 ludos
414 1568 605 1648 pertinaciter
631 1569 842 1643 recusantium,
862 1569 958 1630 ‘iram
981 1571 1076 1631 liberi
1089 1571 1200 1652 patris'

105 1661 317 1739 interpretatus
330 1673 388 1735 est,
409 1671 418 1697 ⁸
432 1666 471 1725 ob
485 1664 625 1726 afflictam
639 1665 764 1744 patriam
777 1663 922 1744 ejusmodi
941 1685 1044 1745 pianes
1064 1675 1199 1745 repeten-

106 1755 177 1816 tis:3
198 1759 247 1817 12.
273 1767 306 1818 et
330 1758 436 1840 reperti
457 1771 538 1833 sunt,
559 1761 610 1840 qui
628 1760 727 1840 ipsam
743 1761 823 1840 regis
835 1771 970 1836 mortem,
983 1780 1043 1823 uon
1057 1762 1121 1824 siue
1134 1764 1199 1822 siu-

104 1850 190 1912 dicta
203 1852 323 1925 Bacchi,
336 1854 375 1914 ab
387 1854 530 1916 ebrietate
548 1865 580 1916 et
591 1856 660 1917 rino
679 1855 844 1935 proiectam
859 1855 1032 1918 crederent.¹
1073 1860 1121 1919 13.
1142 1858 1199 1918 llis

105 1946 151 2007 ita
171 1949 356 2027 perpetratis,
375 1949 509 2012 Athenae
527 1952 617 2025 misit,
632 1952 832 2025 nuntiatum?
854 1959 1069 2024 ‘ntnmteraq
1083 1953 1132 2032 qu'i
1146 1971 1198 2032 po·

103 2041 210 2122 pulum
223 2045 366 2106 adsersus
376 2045 563 2108 Macedonas
575 2048 725 2108 concitare
739 2066 799 2107 nou
814 2045 990 2119 desinerent,
1001 2045 1198 2116 traderenturs

104 2147 160 2198 aut
182 2139 295 2200 siillns
316 2142 448 2202 amittere
468 2153 672 2222 gravarentur,
691 2141 794 2203 eadem
808 2142 1001 2203 contumaciae
1014 2141 1133 2222 premia
1147 2161 1198 2202 es·

101 2243 269 2312 pectereut,
282 2256 408 2315 quorum
419 2238 587 2318 exemplum
601 2240 632 2299 iu
646 2239 853 2300 Thebanorum
866 2237 1032 2298 calamitate
1045 2237 1200 2317 conspice·

102 2330 191 2390 rent!
233 2331 280 2392 14.
302 2331 347 2391 lbi
359 2351 428 2392 cunr
443 2333 587 2409 Phocion,
602 2334 687 2414 cujus
709 2335 748 2396 ob
767 2333 963 2413 integritatem
984 2333 1052 2394 vitea
1072 2333 1198 2394 maxima

100 2423 142 2484 ad
166 2426 311 2505 populum
331 2429 491 2489 auctoritas
515 2441 588 2502 arat,
608 2436 693 2491 ‘unu
715 2429 891 2490 irritandum
916 2427 1114 2490 adolescentis
1137 2429 1198 2490 ric-
1292 2455 1295 2462 ·

101 2521 237 2600 tusisque
253 2521 398 2582 animum'
419 2522 541 2597 diceret,
558 2524 781 2603 hortareturque
803 2543 866 2597 eos,
888 2523 927 2584 ad
945 2543 1020 2604 quos
1035 2523 1197 2606 periculum

99 2616 232 2676 maxime
244 2617 419 2697 pertinebat,
437 2625 447 2652 ⁴
458 2629 493 2680 ut
505 2619 558 2680 Lei
571 2631 602 2682 et
615 2619 772 2682 Erechthei
786 2619 860 2682 filias
868 2618 985 2692 imitati,
998 2619 1131 2699 spiritum
1142 2638 1198 2698 pro

98 2710 209 2790 patriae
231 2711 327 2772 salute
348 2711 526 2792 profundere
551 2734 589 2774 ue
610 2713 808 2781 dubitarent'e’
829 2716 877 2774 15.
899 2713 1127 2787 Demosthenes,
1145 2715 1197 2794 qui

97 2806 278 2868 mminadm
298 2810 465 2886 petebatur,
489 2811 625 2883 surrexit,
649 2810 810 2890 docuitque
830 2814 839 2844 ⁴
856 2809 918 2869 lulli
938 2809 1146 2883 Athenienses,
1159 2813 1197 2871 -si

99 2920 267 2981 paucorum
290 2902 441 2965 deditione
464 2906 597 2986 periculo
620 2906 743 2986 defungi
766 2923 855 2986 posse
878 2904 1050 2966 crederent:
1071 2905 1198 2966 callidus

97 2997 288 3058 Macedonas
314 3019 366 3060 eus
391 3019 564 3082 exposcere,
587 3020 711 3081 quorum
737 2997 920 3080 vigilantiam
944 3009 1033 3077 atque
1056 2999 1198 3062 virtutem

97 3094 232 3155 maxime
244 3095 370 3155 inrisam
383 3107 610 3176 suspectamque
622 3095 782 3156 haberent:
796 3095 902 3154 ametis
914 3093 1040 3173 publice
1053 3095 1196 3156 libertatis

95 3189 290 3264 custodibus,
302 3189 334 3250 iu
347 3191 449 3250 orbam
461 3190 704 3269 indefensamque
724 3190 884 3262 ciuitatem,
904 3199 1046 3267 tauquam
1063 3188 1151 3268 lupos
1163 3190 1197 3250 in

94 3303 174 3346 oses
187 3287 310 3346 oanibm
323 3286 506 3357 destitutas,¹¹
519 3288 660 3365 impetum
674 3286 804 3345 facturos
819 3284 906 3344 esse!
925 3349 927 3354 ,
943 3285 990 3344 16.
1004 3284 1102 3345 Multa
1114 3303 1200 3344 com·-

94 3381 224 3440 miserat
236 3381 266 3439 in
281 3380 464 3441 Macedonas
479 3380 707 3451 Demosthenes,
723 3381 762 3440 ob
783 3387 851 3458 quea
870 3377 949 3438 haud
963 3377 1068 3456 injuria
1080 3379 1196 3440 nullam

94 3475 184 3557 apud
213 3495 265 3536 eus
286 3477 381 3537 reniae
406 3476 503 3537 locum
526 3476 661 3537 relictum
685 3475 891 3536 arbitrabatur.
933 3471 1071 3553 Philippo
1095 3474 1199 3536 occiso·

92 3583 206 3634 auctor
218 3572 366 3644 extiterat,
373 3581 408 3630 ut
415 3570 571 3632 Pausaniae
585 3569 726 3632 sacellum
734 3580 953 3641 exstrueretur,0
966 3569 1047 3649 apud
1059 3570 1194 3649 pulvina-

94 3670 144 3730 ria
154 3666 256 3728 Deum
277 3666 507 3746 supplicationes
522 3665 709 3739 haberentur,
724 3666 840 3744 aliaque
853 3667 892 3724 ob
905 3665 1050 3745 insignem
1063 3665 1197 3728 laetitiam

91 3763 221 3825 decerni
235 3763 322 3824 solita
335 3771 517 3822 curarentur.
560 3763 608 3822 17.
622 3759 823 3820 Alexandrum
838 3759 911 3820 alias
925 3759 1106 3841 *ριιιεωπιῖΡ
1119 3759 1198 3829 elias

125 3908 136 3943 ¹
155 3906 234 3956 Diod.
244 3907 263 3958 1.
274 3906 291 3955 l.
697 3913 710 3939 ¹¹
726 3904 800 3954 Plnt.
812 3902 949 3954 Demustb.
960 3917 987 3966 p.
998 3906 1056 3952 aad.

126 3982 143 4016 ¹
163 3981 235 4030 Plat.
245 3981 320 4030 Ales.
331 3994 359 4043 p.
366 3984 424 4032 071.
696 3979 858 4030 ⁰AEscbiuas
868 3977 1079 4042 contacteslpls.
1136 3987 1139 3996 ’

122 4055 370 4106 unumne.
696 4054 948 4106 rvrnnneunstu.
970 4053 1193 4107 insuesce.

127 4139 150 4165 ·
167 4130 248 4184 Diod.
261 4132 432 4192 :einp-see.
444 4128 576 4183 amns.
586 4136 625 4183 tt.
665 4128 796 4195 tamisae.

89 4203 174 4258 maa
185 4204 312 4256 Phocion.
318 4217 347 4270 p.
358 4206 416 4255 149.
