2925 4867
371 351 500 400 surra.
524 351 564 399 m
589 353 622 414 oa
645 351 821 402 cucurum
847 353 918 402 nra.
943 357 966 404 r.
1175 333 1221 405 hb

118 501 186 566 ter,⁸
197 493 348 554 educatus
360 494 391 552 irs
404 494 596 554 contubernio
610 493 836 573 Epaminondoe‚
850 493 1004 556 clarissimi
1019 497 1217 577 imperatoris,
1310 493 1317 502 ’

119 590 359 670 unctissimique
380 589 445 661 viri,
466 607 534 649 cum
555 589 650 669 ipsius
670 591 798 651 moribus
815 604 948 652 atenera
962 603 1050 653 aetate
1065 597 1218 655 ceritatem

119 688 200 750 ὼ
212 688 468 750 minimis:
487 698 604 748 vestros
617 700 648 748 et
661 688 806 768 Apollinis
824 689 944 768 injurias
966 689 1114 750 Phoceusi
1138 691 1219 752 bello

120 785 202 846 uitus
223 798 282 858 est,
301 803 371 845 evm
391 784 589 844 Athenienses
611 784 683 846 odio
706 783 797 844 vestri
818 783 968 864 sacrilegis
991 785 1100 844 auxilia
1121 787 1219 847 mitte·

120 879 224 942 sent?
276 883 308 940 9.
334 881 438 940 itemm
466 882 616 940 communi
644 881 895 961 Amphictyonum
923 883 1044 943 decreto
1071 893 1218 959 exoratus,

120 975 257 1055 quodem
267 976 397 1036 numinis
410 977 618 1036 contumeliam
639 978 669 1036 in
695 977 804 1037 locros
823 976 1005 1038 vindicavit:
1026 978 1085 1038 huc
1099 999 1222 1058 quoqne

118 1073 275 1153 proiectos.
294 1084 352 1147 cst,
371 1083 411 1132 nt.
422 1075 528 1133 vestrm
552 1073 715 1134 commodis
731 1074 908 1146 consuleret,
932 1095 990 1134 non
1013 1077 1218 1148 abscessurus,

119 1168 218 1230 ἀωω
231 1188 286 1229 ros
298 1180 378 1229 metu
393 1171 509 1230 samniae
521 1171 707 1250 inimicasque
721 1171 848 1231 ciuitatis
863 1171 994 1232 sciverit.
1040 1174 1088 1232 10.
1110 1173 1143 1232 ld
1156 1175 1220 1234 siue

119 1266 325 1326 manniam
339 1266 474 1326 consiliis
493 1267 661 1346 viribusque
684 1268 767 1327 iubet
791 1268 938 1346 exequi2⁶
959 1287 1019 1328 non
1041 1281 1133 1342 vetet,
1158 1289 1218 1350 quo

117 1361 217 1422 minus
227 1363 259 1422 in
271 1363 486 1440 medeserius
500 1381 589 1442 quam
600 1364 671 1424 beili
681 1365 852 1424 societatem
864 1365 1005 1424 venistis:
1020 1366 1082 1425 siue
1091 1366 1222 1445 quiesci«

119 1457 169 1529 tis,
197 1461 356 1531 transitum
380 1458 536 1519 concedite
547 1477 560 1518 t·
583 1460 648 1539 ipse
672 1461 872 1520 communium
897 1459 1066 1538 injuriarum
1093 1461 1222 1522 idoneus

117 1553 200 1614 ultor
221 1555 294 1615 erit:
339 1557 386 1613 ll.
408 1570 505 1633 neque
528 1553 625 1614 minus
640 1555 678 1614 ad
694 1573 746 1614 vos
762 1555 869 1616 redibit
883 1555 1109 1618 emolumentum
1126 1559 1219 1618 uicto-

117 1648 189 1708 riae:
204 1670 321 1731 greges,
329 1663 470 1722 armenta,
479 1651 634 1730 mancipio,
644 1672 712 1731 quse
723 1673 760 1712 ex
770 1653 905 1713 hostibus
916 1654 1079 1733 capientur,
1089 1655 1219 1714 maxims

118 1765 157 1807 ex
169 1760 257 1826 perte
268 1767 361 1828 penes
370 1765 435 1819 vos,
449 1757 483 1807 ut
497 1749 621 1821 vicinos,
636 1759 740 1809 erunt:
761 1749 830 1809 ind‘e
846 1749 1011 1810 Phocensis
1025 1751 1094 1810 beili
1109 1752 1218 1812 damna

118 1845 264 1904 cessistis.
308 1846 356 1904 12.
377 1844 412 1902 ld
435 1845 529 1923 magis
555 1865 592 1904 ex
616 1865 673 1904 usu
687 1857 787 1906 vestro
802 1847 851 1916 sit,
875 1865 912 1904 an
927 1853 1149 1925 vestros‘agros
1164 1851 1218 1918 uri,

117 1953 219 2001 restra
236 1940 346 2022 oppida
367 1941 541 2020 expugnari,
562 1941 691 2014 incendi,
717 1942 813 2022 diripi,
838 1953 952 2002 vestras
966 1943 1095 2020 denique
1109 1961 1156 2002 res
1171 1945 1219 2023 agi

118 2037 259 2116 tetrique,
272 2036 354 2116 quod
367 2037 565 2098 Athenienses
579 2048 694 2117 optant,
707 2039 877 2117 expendite.
920 2039 997 2118 Num
1013 2038 1157 2097 iracunda
1171 2057 1217 2097 res

118 2145 168 2194 est
179 2144 338 2214 suspectus
351 2131 494 2193 immerito
504 2135 628 2204 candor,
637 2153 755 2214 qunque
770 2134 889 2214 pronior
901 2134 1107 2194 benevolentia
1120 2133 1219 2207 suerit,

118 2230 282 2290 scsiombus
306 2231 434 2290 stimulis
458 2230 488 2289 in
512 2231 673 2291 vindictam
697 2232 804 2310 agitur.
859 2231 905 2290 13.
928 2230 1065 2291 Ceterum
1088 2231 1153 2292 hoec
1175 2233 1218 2291 ita

116 2325 226 2398 sethin,
254 2345 314 2385 nnn
339 2347 399 2407 quo
423 2328 509 2388 vohis
529 2325 771 2407 ingratitudinem
796 2328 978 2406 exprobrem,
1006 2326 1042 2386 de
1065 2347 1124 2406 qua
1145 2325 1224 2387 nihii¹

117 2439 240 2489 resson
269 2441 325 2484 nso
349 2437 383 2483 ut
406 2421 591 2484 formidinem
615 2424 768 2498 incutiam,
796 2442 855 2504 qus
882 2422 955 2482 nihii
985 2415 1060 2502 opus
1090 2423 1219 2484 iuturum

116 2517 277 2578 existimo:
298 2519 352 2579 sed
376 2533 411 2581 ut
433 2519 562 2601 Philippi
587 2521 617 2579 in
640 2539 694 2580 vos
713 2521 868 2593 beneficia,
888 2533 919 2579 et
942 2519 1069 2578 vicissim
1085 2522 1114 2578 in
1136 2515 1225 2580 ilium¹

116 2626 220 2674 vestus
232 2615 410 2694 cogitantes,
432 2617 660 2689 admoneamini,
680 2635 717 2676 ee
739 2617 858 2678 demum
878 2616 961 2674 firme
975 2624 1064 2694 atque
1079 2625 1221 2696 perpetua

118 2729 189 2771 nse
203 2709 326 2784 foedern,
346 2733 415 2790 quoe
429 2711 540 2773 sersmi
558 2712 712 2792 utriusque
726 2713 852 2773 intersit.
900 2714 944 2773 te.
967 2710 1056 2780 Quod
1071 2713 1096 2771 si
1109 2714 1220 2792 majore

119 2816 192 2866 sunt
205 2806 287 2866 iilius
298 2809 412 2880 merita,
432 2807 516 2869 vobis
531 2828 611 2869 curas
624 2809 690 2880 enit,
709 2818 744 2868 ut
765 2817 867 2867 mutuo
883 2807 912 2866 in
928 2807 1009 2867 illum
1024 2808 1122 2868 animo
1137 2809 1219 2869 sitis:

116 2904 171 2964 iile
183 2903 342 2963 maximum
355 2905 488 2965 laborum
512 2908 666 2984 premium
687 2915 784 2984 putat,
808 2903 982 2964 subvenisse
1007 2903 1146 2976 Greciae,
1165 2925 1219 2984 pro

119 2999 207 3079 cujus
222 3002 317 3061 salute
341 3000 436 3080 atque'
456 3000 602 3080 dignitate
626 3010 768 3081 perpetua
792 3019 860 3058 cum
882 2999 1012 3058 barbaris
1035 2999 1114 3059 belia
1136 3003 1221 3080 gerit.

123 3101 173 3157 15.
188 3098 287 3176 Atque
300 3098 413 3157 utinam
426 3096 509 3156 ilium
523 3096 748 3157 Atheniensium
764 3097 843 3155 furor
857 3096 976 3174 ingenio
991 3115 1046 3155 sun
1058 3093 1105 3155 uti
1114 3113 1219 3174 pessus

118 3191 225 3265 esset,⁴
238 3193 302 3272 jem
316 3194 346 3251 in
360 3193 433 3252 Asia
446 3191 588 3252 audiretis
603 3211 685 3251 arma
697 3191 792 3272 ipsius
806 3209 882 3261 esse,
904 3209 972 3269 quse
988 3209 1068 3250 nuuc
1082 3193 1221 3252 coiircen·
1300 3233 1303 3240 ,

120 3291 171 3349 dis
182 3288 379 3369 improborum
392 3287 532 3359 motibus,
546 3288 656 3348 insitus
669 3307 721 3368 pes
737 3287 883 3347 Graeciam
898 3287 1082 3347 circumferre
1096 3289 1220 3367 cogitur.

123 3387 174 3446 16.
196 3383 323 3445 Poterat
340 3383 459 3463 quidem
473 3384 575 3444 amicis
589 3383 820 3444 Atheniensibus
846 3383 901 3455 uti,
925 3383 980 3442 nisi
1002 3382 1071 3442 huic
1095 3382 1229 3443 Demos·

118 3481 215 3554 thesi,
236 3491 327 3559 atque
340 3481 405 3540 eliis
419 3480 606 3560 quibusdam,
628 3482 679 3561 qui
696 3481 858 3560 imperitam
873 3478 1100 3551 multitudinem,
1123 3490 1156 3539 ut
1170 3500 1220 3538 ex-

118 3579 250 3660 positum
270 3575 367 3635 ventis
386 3595 477 3647 mare,
498 3577 664 3636 orationum
679 3595 797 3637 suarum
812 3595 894 3649 aura,
914 3595 974 3655 quo
989 3575 1103 3649 volunt,
1118 3577 1223 3655 impei-

117 3677 198 3746 lnut,
211 3673 385 3749 vectigalem
406 3692 438 3732 se
458 3673 557 3732 iacere
579 3673 746 3753 indignum,
767 3691 885 3751 usuque
905 3682 937 3731 et
958 3672 1093 3752 exemplo
1110 3671 1220 3730 toedum

118 3770 331 3832 existimasset.
377 3771 423 3829 17.
445 3769 563 3848 Quippe
586 3771 613 3829 si
634 3767 714 3849 apud
737 3768 803 3828 ilios
825 3766 975 3828 honestati
993 3767 1118 3846 pretium
1131 3775 1221 3837 esset,

117 3865 252 3948 gratuito
272 3865 342 3924 boni
362 3865 469 3925 forent.
512 3864 627 3933 Quibus
640 3863 767 3926 bencus
781 3862 908 3924 vendere
921 3881 985 3922 mos
1001 3874 1058 3934 est,
1079 3862 1104 3921 si
1118 3861 1221 3922 eadem

150 4069 166 4096 ⁸
180 4061 260 4112 Diod.
271 4063 325 4111 Sic.
337 4074 394 4113 ιη.
407 4076 434 4125 p.
445 4065 502 4110 510.
520 4061 593 4112 Pint.
601 4061 652 4111 Pe·
724 4067 738 4169 Σ
752 4056 886 4107 Demosth.
898 4055 930 4105 de
940 4055 1051 4106 corona.
1148 4132 1154 4144 ι

114 4139 486 4269 ”¹:¹ttt.?⁹.².·.ittt¹'¹·
496 4142 521 4186 ⁶·
532 4141 557 4187 ⁸·
694 4132 1220 4274 12...stituittitubasti*
