2925 4867
250 388 291 452 1⁰
683 396 908 446 rnouururr.

249 541 341 617 dere,
355 556 419 603 nec
432 536 594 603 uidmnre
607 537 784 615 merc,
793 537 837 601 de
849 538 973 621 qubus
981 537 1123 615 dubit«,
1137 556 1202 604 uec
1214 540 1338 605 subdu·

247 658 333 718 cere,
346 658 422 724 qnae
435 638 604 723 occeperit
618 652 673 701 ix.
687 640 719 703 1.
735 636 853 716 iicet,
868 640 1117 723 ceincmpte
1128 641 1273 723 perterre
1289 648 1338 706 nt·

247 758 391 825 cumque
405 738 526 804 tundite
541 738 655 804 vn.8.
670 739 722 803 11.
766 736 934 804 Interdum
959 739 1047 804 edeo
1067 740 1187 806 lectori
1207 742 1243 806 in
1266 760 1339 807 enr-

249 842 418 925 picionem
429 840 542 905 venire
554 846 679 923 potent,
701 839 857 924 quaeduru
879 840 959 906 iictn
972 858 1061 918 eree,
1084 845 1122 905 ut
1139 842 1235 906 iocur
1246 850 1339 909 curet

248 940 394 1027 poetice
408 940 637 1023 descriptioni,
651 956 708 1005 ex.
722 960 756 1005 c.
771 956 824 1004 iv.
836 940 871 1007 a
886 941 941 1005 lu
967 941 1071 1024 Scope
1083 943 1119 1006 in
1130 943 1230 1007 relrue
1243 944 1339 1027 perri

249 1038 726 1123 nomentiuerrnodirlougur
747 1040 823 1118 fun,
843 1040 1176 1105 noeereuhonrhit.
1218 1039 1338 1105 Annon

249 1142 373 1209 rddere
388 1140 499 1206 ubivlr
512 1139 668 1223 neglexit,
683 1141 765 1205 enni
782 1146 936 1223 ternpore
949 1136 1156 1223 plerumque.
1199 1138 1338 1217 nunde,

249 1242 404 1327 quumvie
419 1240 565 1324 quidem,
587 1240 619 1305 ri
633 1246 744 1305 toturn
756 1247 906 1323 spectro,
928 1238 1138 1305 lendetoreru
1152 1238 1338 1305 Araxenon

249 1358 317 1409 non
330 1339 676 1425 rideaturproieurur,
695 1340 821 1425 cupido
834 1348 947 1405 tumeo
957 1338 1160 1424 eloquentiae
1172 1348 1339 1407 ostenten-

249 1445 304 1510 dre
327 1442 499 1529 perdet,
524 1441 581 1507 cni
604 1442 725 1525 querit
748 1441 926 1506 occenione
950 1440 1031 1505 dete
1053 1441 1104 1506 lte
1123 1441 1284 1523 indulget.
1301 1448 1340 1506 ut

249 1562 328 1629 quoe
340 1542 428 1611 forte
442 1541 508 1607 erti
529 1542 726 1607 exomendae
747 1540 868 1606 idonee
885 1546 1008 1619 cenent,
1021 1540 1186 1607 mirebilh
1200 1542 1339 1624 potirri·

248 1662 352 1722 nrum,
379 1640 575 1709 certioribus
600 1640 790 1725 praetollere
813 1640 973 1705 viduetur.
1024 1639 1178 1724 Denique
1199 1641 1339 1705 multum

249 1744 357 1821 ebert,
370 1748 407 1808 ut
419 1743 464 1820 ei,
479 1742 570 1827 quod
583 1740 793 1807 Historlcunr
803 1740 939 1817 deceet,
951 1738 1120 1807 ecdbcudi
1133 1742 1246 1823 generi
1259 1758 1340 1824 ope·

248 1862 319 1909 reru
341 1842 479 1907 dederit.
521 1841 699 1907 Orationes
713 1841 888 1925 elegentes
902 1846 937 1907 et
949 1848 1076 1907 ornetur
1089 1840 1250 1905 ertidceur
1263 1858 1340 1925 pro

248 1942 348 2023 dunt3
371 1943 405 2007 ln
421 1940 700 2025 descriptionibus
719 1958 815 2025 crepe
827 1942 1004 2007 verborum
1019 1940 1155 2006 modum
1168 1958 1237 2006 nou
1250 1947 1340 2007 tenet

249 2049 285 2108 et
299 2042 511 2127 ampullatur,
525 2041 689 2107 rhetorico
702 2042 782 2109 inco
795 2044 1061 2127 repercutitur.
1103 2042 1338 2125 Singuie,qure

247 2143 331 2209 milri
351 2142 528 2210 brevitutie
550 2163 656 2210 caune
680 2146 755 2210 eine
779 2144 982 2227 argumentis
998 2140 1170 2226 pretende
1193 2149 1282 2220 eunt,
1304 2143 1338 2207 in

249 2245 494 2309 commentariis
507 2246 647 2328 proheta
665 2244 850 2321 invenient,
872 2243 995 2327 quibus
1008 2261 1064 2308 rec
1077 2259 1168 2308 curce
1182 2240 1340 2325 cordique

248 2351 309 2409 cet.
352 2342 490 2410 eortius
504 2344 632 2429 itequc,
643 2364 720 2410 curn
736 2344 821 2409 nulli
833 2343 913 2427 legi,
928 2362 999 2428 qne
1013 2342 1179 2409 Historicl
1193 2343 1340 2407 uimine

250 2451 413 2521 tenentur,
428 2444 641 2523 endeleccrit,
655 2447 794 2511 multum
808 2445 942 2529 quidem
957 2444 1056 2510 iidem
1069 2444 1190 2509 hebere
1202 2444 1339 2527 nequit3

248 2542 461 2627 negligendus
475 2548 585 2607 nmen
597 2562 662 2608 nou
673 2551 739 2621 eet,
747 2545 931 2629 precipue,
941 2543 1033 2628 quod
1044 2545 1175 2628 petrini
1183 2543 1339 2628 quoedm

249 2645 373 2721 retulit,
386 2660 464 2727 quoe
479 2642 570 2726 opud
595 2644 758 2709 neminem
782 2644 985 2729 reliquorum
1009 2646 1179 2712 memorie
1205 2644 1340 2729 proditu

250 2744 403 2829 reperire.
448 2740 565 2808 Multis
589 2762 668 2809 vero
688 2751 722 2811 et
738 2744 906 2829 juniorum
921 2754 958 2811 et
971 2744 1127 2825 virum,
1139 2748 1199 2831 qul
1218 2742 1340 2811 librum

248 2844 373 2926 legunt,
388 2852 426 2907 ut
438 2844 544 2909 otium
567 2840 686 2909 lelluut
707 2854 745 2910 et
759 2845 975 2924 delectentur,
996 2847 1157 2932 quicquid
1179 2854 1340 2933 peccetur

251 2942 462 3022 flietoricus,
484 2962 602 3027 perum
617 2953 784 3025 curentur,
810 2955 951 3031 propter
964 2948 1111 3031 rigorem
1125 2955 1161 3014 et
1173 2950 1209 3014 in
1222 2948 1339 3013 multis

251 3044 451 3111 maritalem
464 3044 674 3111 vehementer
686 3056 721 3113 et
736 3049 852 3113 merito
867 3048 995 3132 pleoet.
1018 3048 1058 3113 ln
1071 3050 1198 3115 ecnoiie
1209 3049 1339 3133 itaque,

249 3146 280 3210 nl
294 3152 482 3229 preceptor
493 3164 536 3211 eo
550 3146 673 3211 utiuon
685 3148 803 3226 ncecit,
815 3157 850 3215 et
859 3148 904 3214 ed
919 3148 1075 3214 Intinem
1088 3146 1234 3232 linguent
1246 3155 1282 3213 et
1292 3148 1338 3213 ed

251 3244 439 3311 Historiam
458 3245 644 3312 Alexandri
658 3246 896 3315 uidimuuum
909 3248 1074 3334 prodeeee
1094 3254 1217 3334 potent.
1259 3250 1340 3316 leni

250 3348 331 3413 mihi
345 3348 563 3433 conjecturem
578 3348 621 3413 do
634 3349 710 3414 libri
726 3350 855 3433 origiue
869 3349 1013 3435 adjicere
1026 3349 1139 3429 lioeet,
1154 3368 1254 3434 quern
1265 3350 1338 3434 qni-

251 3448 339 3525 dem,
354 3447 434 3513 licet
448 3450 491 3513 ub
504 3447 566 3513 ille
579 3448 602 3514 J
603 3468 635 3515 o.
650 3449 775 3515 Clerici
788 3449 873 3537 (Ars
885 3450 967 3518 Crit
982 3452 1024 3519 P.
1038 3467 1095 3516 ιιι.
1109 3470 1137 3515 u.
1151 3454 1186 3517 ti.
1198 3470 1228 3516 o.
1242 3448 1275 3515 1.
1287 3449 1339 3535 d.)

250 3564 315 3612 non
330 3548 467 3612 multum
482 3548 591 3626 ebeet,
616 3550 709 3627 mihi,
729 3551 764 3615 ni
788 3552 864 3635 ipse
884 3549 991 3630 lellor,
1013 3570 1059 3616 ex
1083 3552 1338 3617 diuturnorum

251 3645 366 3712 Cunio
380 3648 621 3714 cousuetudine
635 3657 747 3717 netem
761 3672 848 3730 ecee,
862 3654 953 3719 bone
966 3652 1033 3719 dde
1044 3650 1212 3736 profiteor.
1255 3652 1340 3719 Brut

251 3746 382 3813 Rhetor
403 3747 552 3831 quidum,
573 3768 692 3834 perum
716 3752 869 3831 interest,
894 3754 994 3838 cujue
1016 3755 1145 3831 recoli,
1168 3755 1237 3838 qui,
1261 3772 1338 3821 cunr

251 3849 332 3914 ertis
347 3866 418 3913 enee
434 3848 561 3934 insigne
575 3862 824 3918 monumentum
837 3856 1026 3939 posteritati
1040 3854 1172 3920 trudere
1186 3861 1336 3939 cuperet,

250 3948 398 4015 {ebulum
412 3949 546 4033 quidem
559 3950 632 4036 cjue
644 3954 786 4036 generis,
807 3974 886 4041 que
908 3956 1007 4021 hodie
1031 3955 1263 4022 &menonem
1278 3974 1338 4022 ro·

251 4058 379 4128 centur,
394 4052 584 4134 excogitare
598 4054 777 4137 potuisset,
787 4058 846 4122 ced
858 4056 967 4142 ipsine
979 4058 1164 4143 argumenti
1175 4060 1339 4142 gravitate

251 4160 286 4217 ut
306 4150 384 4217 luco
405 4150 487 4219 ortis
508 4152 713 4238 splendorem
728 4157 843 4243 angeri
857 4158 1014 4225 mulctet.
1059 4158 1187 4227 idonee
1201 4158 1340 4227 videbe·
