2925 4867
358 411 487 458 surra.
512 411 553 459 ru
579 413 613 471 Q.
638 411 812 462 cnarruu
840 414 913 463 nra.
936 416 961 463 1.
1159 399 1203 464 85

116 548 214 624 ipsum,
233 547 330 629 neque
348 552 379 610 iu
398 572 452 613 uos
472 555 612 613 conviciis
627 575 693 614 esse
706 565 936 634 temperaturos:
960 576 1027 615 narn
1045 559 1093 635 qui
1107 553 1203 638 pudo-⁴

114 662 170 702 reru
182 657 417 720 consumserunt,
428 649 500 727 quid
514 650 673 728 loquantur
684 660 736 710 aut
749 651 859 712 faciant
870 655 972 732 parurn
987 655 1070 732 pensi
1082 653 1203 728 habent,

116 738 180 798 dum
193 737 297 822 cupitis
311 747 470 822 potiantur.
512 749 542 805 2.
565 745 624 805 Sed
638 745 680 804 illi
694 746 826 824 quidem,
842 749 866 806 si
881 749 955 807 bene
967 768 1019 807 uos
1035 749 1113 820 novi,
1126 749 1204 810 The-

114 834 187 906 bani,
208 856 261 916 spe
275 841 461 930 suasgregie
476 841 555 910 lalsi,
577 841 699 918 dignum
723 843 830 902 virtute
852 856 950 903 vestra
973 845 1204 924 Groecorumque

113 933 234 992 moribus
259 954 434 1014 responsum
459 934 497 995 ad
521 935 716 995 Macedonem
740 937 884 998 referent:
906 957 959 998 vos
983 950 1079 1000 autern
1098 939 1136 1000 ad
1159 959 1204 1012 ea,

112 1046 176 1104 quoe
199 1049 279 1091 nuuc
301 1032 419 1111 agenda
441 1043 521 1105 suut,
543 1033 671 1091 animum
694 1033 853 1112 diligenter
877 1034 1041 1095 advertite:
1084 1045 1112 1097 3.
1135 1055 1204 1094 nam

112 1135 270 1186 nestrorum
281 1147 400 1207 quoquc
410 1129 595 1207 negotiorum
608 1148 752 1188 summam
766 1133 844 1189 n'unc
860 1131 909 1210 agi
922 1131 993 1210 ipsis
1008 1151 1102 1191 rerum
1119 1152 1205 1211 argu·

112 1221 215 1281 ruentis
233 1222 435 1296 ostendemus,
456 1243 516 1283 non
540 1226 694 1285 verborum
717 1227 887 1306 praestigiis,
909 1229 1016 1306 quibus
1042 1228 1091 1286 isti
1112 1228 1204 1287 uereri

111 1335 142 1375 ae
154 1316 256 1378 dicunt
271 1338 309 1380 ne
323 1321 489 1401 capiamini.
519 1325 550 1383 4.
570 1322 630 1383 Sed
646 1322 767 1400 quando
783 1324 825 1383 sic
840 1343 893 1402 pro
907 1325 989 1384 robis
1005 1334 1074 1383 suut
1088 1324 1206 1395 soliciti,

111 1426 221 1488 ponant
235 1427 357 1490 metum,
371 1417 443 1476 nihil
458 1417 599 1478 faciemus
612 1438 673 1497 quo
684 1418 901 1498 eloquentiores
912 1420 1081 1480 videamur:
1096 1419 1204 1479 malam

110 1510 288 1593 quandoque
301 1532 422 1574 cansam
435 1513 549 1592 adjuvit
558 1515 715 1574 facundia:
733 1517 783 1575 ubi
798 1515 907 1575 nudam
916 1516 1066 1576 veritatem
1078 1515 1205 1595 spectari
1227 1499 1228 1504 ἵ

110 1601 234 1667 dicentis
247 1609 381 1683 interest,
400 1612 491 1670 verba
503 1630 590 1670 nemo
604 1611 734 1689 prudens
749 1612 902 1692 appendit.
953 1615 982 1672 5.
1005 1611 1068 1670 Nec
1082 1610 1119 1669 de
1134 1609 1205 1669 Plri-

109 1697 187 1781 lippo
201 1703 389 1774 laboramus;
411 1708 450 1767 sit
474 1727 547 1768 saue
571 1727 622 1786 per
636 1727 691 1768 nos
705 1709 823 1787 qualem
838 1709 888 1770 isti
907 1710 1040 1787 fingunt:
1063 1707 1102 1766 sit
1116 1705 1204 1766 etiam

108 1797 241 1874 pulcher,
260 1801 414 1881 eloquens,
437 1813 527 1884 atque
542 1806 617 1865 adeo
639 1806 668 1863 in
689 1804 831 1864 conviviis
845 1805 934 1864 etiam
949 1803 1070 1870 hilaris:
1092 1813 1206 1862 namet

107 1890 256 1956 hinc‘eum
271 1899 515 1960 commendavere
529 1899 669 1979 quidam;
693 1899 768 1960 adeo
788 1901 906 1960 inanem
920 1919 997 1959 neree
1013 1897 1115 1977 gloriae
1130 1899 1204 1957 late-

107 1989 222 2052 bantur.
266 1995 296 2053 6.
318 1996 456 2055 Ceterum
480 1997 595 2077 legatos
617 1998 680 2075 ejus
704 1998 791 2055 miror
804 2015 841 2056 ea
854 1995 965 2056 civitati
981 2005 1091 2053 nostrae
1105 2012 1204 2053 coram

106 2089 188 2148 robis
212 2089 368 2169 objecisse,
389 2112 457 2171 quae
483 2094 506 2152 si
531 2093 654 2151 crimina
676 2098 755 2162 sunt,
775 2109 833 2148 non
854 2091 950 2168 magis
964 2088 1205 2160 Atheniensibus,
1247 2137 1251 2145 .
1297 2099 1300 2106 “

104 2202 193 2262 quam
206 2185 367 2258 Thebanis,
381 2187 570 2246 defendenda
584 2208 660 2258 esse,
675 2187 706 2245 in
721 2185 860 2245 confesso
875 2197 941 2246 cst:
963 2184 1111 2264 popularis
1126 2187 1204 2243 euim

105 2291 199 2341 status
218 2281 407 2342 incommoda
420 2285 591 2361 exagitant:
614 2303 682 2361 quoe
705 2281 775 2340 licet
800 2297 859 2340 non
883 2283 1052 2360 ignoremus
1077 2279 1205 2359 utrique,

103 2385 203 2438 tamen
217 2379 301 2458 regio
316 2378 480 2439 dominatui
494 2380 597 2438 merito
612 2378 807 2458 praeferimus.
850 2381 880 2436 7.
896 2377 988 2456 Atqui
1002 2376 1045 2435 illi
1058 2378 1100 2436 sic
1114 2376 1205 2435 locuti

104 2484 184 2548 sunt,
207 2485 352 2553 tanquam
364 2476 395 2533 in
409 2475 527 2535 circulis
541 2487 571 2535 et
583 2475 723 2535 conviviis
740 2474 941 2534 Macedonum
956 2472 1124 2532 adulatione
1139 2491 1204 2550 gra·

15 2608 16 2617 a
102 2571 172 2631 tiam
198 2582 388 2651 quaererent3
419 2590 478 2630 non
500 2571 580 2649 apud
602 2571 723 2630 liberam
749 2570 896 2630 ciuitatem
921 2568 1018 2628 officio
1042 2568 1206 2646 legatorum

102 2668 310 2747 iungerentur.
352 2671 382 2727 8.
399 2668 513 2727 Scimus
529 2667 649 2747 quidem
661 2687 763 2746 regum
779 2667 983 2745 regiorumque
993 2663 1205 2740 mancipiorum

103 2761 249 2824 adversus
264 2775 370 2841 gentes
390 2765 536 2842 urbesque
558 2764 665 2822 liberas
690 2763 853 2842 pertinacia
875 2761 960 2828 odia;
983 2769 1013 2819 et
1036 2753 1206 2837 §impliciter
1255 2773 1258 2782 “

102 2859 241 2918 lecenrnt
255 2859 313 2930 isti,
334 2858 384 2937 qui
408 2859 570 2938 detegunt:
593 2857 646 2918 sed
668 2877 704 2917 eo
724 2858 819 2936 magis
835 2855 1028 2915 annitendum
1043 2844 1128 2914 uobis
1149 2865 1205 2929 est,
1266 2867 1272 2876 ‘

102 2953 253 3026 Thebani,
274 2964 309 3014 ut
326 2953 394 3032 jura
417 2955 559 3032 legesque
580 2963 697 3012 nostras
722 2963 866 3012 tueamur.
919 2952 948 3009 9.
979 2951 1019 3009 Et
1042 2949 1205 3034 optandum

102 3052 242 3130 inprimis
257 3059 348 3122 esset,
368 3063 401 3112 ut
422 3053 473 3131 qui
497 3049 706 3131 rempublicam
724 3049 894 3128 attigerunt,
913 3047 949 3106 iis
964 3065 1052 3105 unum
1068 3046 1205 3124 idemque

101 3147 335 3225 pulcherrimum
348 3158 496 3208 certamen
512 3149 597 3219 foret,
618 3147 739 3226 quinam
757 3144 865 3204 rectius
888 3141 1000 3203 civitati
1021 3161 1083 3201 suec
1097 3160 1205 3200 consu·

102 3243 211 3317 lerant,
246 3255 299 3302 ant
326 3245 463 3304 consulta
488 3261 722 3323 exequerentur:
755 3227 1030 3300 nemo'communia
1051 3237 1208 3297 commoda

100 3340 302 3421 posthaberet
327 3340 464 3418 privatin
487 3357 573 3398 nemo
595 3339 744 3418 acciperet
758 3355 898 3400 munstar
921 3353 1007 3392 neruo
1020 3333 1142 3392 istorum
1156 3351 1206 3391 ex·-

101 3439 203 3518 emplo
230 3437 356 3518 patriam
379 3435 516 3517 Philippo
540 3433 687 3515 proderet.
746 3434 793 3492 10.
815 3431 935 3500 Verum,
962 3428 1106 3500 Thebani,
1134 3427 1206 3490 nulli

99 3553 240 3613 uuquam
258 3551 317 3590 non
331 3531 442 3590 civitati
455 3529 555 3603 modo,
580 3527 633 3588 sed
652 3528 741 3587 etiani
755 3525 877 3598 homini,
890 3526 1005 3602 integra
1018 3525 1205 3602 perfectaque

100 3631 236 3690 felicitas
251 3627 377 3705 obtigit:
397 3626 587 3686 beatissimus
609 3625 745 3695 habetur,
766 3621 849 3700 cujus
871 3621 989 3680 fortuna
1004 3619 1154 3678 minimum
1168 3639 1207 3678 ex

100 3726 236 3788 adverso
250 3723 349 3783 trahit.
394 3724 441 3782 lt.
458 3721 556 3781 Malos
571 3735 668 3781 autem
684 3718 769 3779 nobis
780 3720 858 3778 cives
873 3736 939 3776 esse
954 3714 1098 3774 nemiuem
1113 3713 1204 3792 fugit:

99 3841 139 3881 nc
154 3841 215 3881 vos
229 3816 350 3898 quidem
363 3816 509 3888 caruistis,
526 3826 577 3876 aut
591 3815 708 3888 caretis,
719 3814 869 3875 Thebani:
891 3832 960 3872 narn
975 3812 1037 3872 sine
1059 3828 1095 3869 eo
1114 3819 1205 3881 esset,

99 3937 163 3977 non
173 3916 244 3996 jam
260 3913 373 3972 Elateia
386 3911 540 3990 Philippus
553 3911 680 3971 libertati
695 3921 805 3970 nostroe
818 3909 923 3990 plagas
934 3907 1085 3973 tenderet:
1100 3905 1153 3965 scd
1168 3905 1206 3964 de

100 4031 200 4092 regno
217 4007 575 4068 Macedouiaenobiscum
590 4007 764 4068 decertaret.
820 4007 867 4064 la.
897 4005 1049 4064 Habemus
1062 4013 1159 4062 tamen
1175 4011 1206 4060 et

100 4109 224 4174 bonon
246 4123 357 4183 eosque
378 4103 478 4183 plures
499 4103 596 4175 malis,
619 4114 650 4162 et
670 4103 810 4182 potiores.
852 4101 1065 4179 Argumentum
1083 4095 1206 4178 poecisl

99 4203 191 4266 liberi
210 4220 333 4281 sumus:
355 4219 415 4260 nou
430 4198 574 4262 servimus
588 4199 738 4279 Philippo,
753 4198 833 4259 sicut
845 4205 888 4269 tu,
904 4195 1032 4276 Python,
1047 4194 1205 4274 Byzantios
