2925 4867
369 418 409 468 ιιι
434 416 611 479 ouranos
636 417 813 467 onarrnas
837 416 982 466 nonna.
1175 400 1246 467 21·

121 564 232 629 claris
253 560 470 637 Rhetoribus,
488 559 670 625 secundum
692 578 781 644 quos
802 560 980 625 Suetonius
993 566 1107 642 egerat
1121 558 1163 624 de
1178 560 1218 624 L.

120 664 271 731 Caesetio
298 663 435 739 Pisone,
456 662 505 725 M.
523 662 645 729 Porcio
661 662 818 736 Latrone,
841 659 886 740 Q.
903 660 1019 725 Curtio
1035 660 1140 737 Rufo,
1155 663 1218 726 ac.

120 766 275 831 Eundem
291 764 385 829 illum
400 772 550 829 nostrum
565 762 720 829 Curtium
733 763 841 829 inisse
854 764 990 828 minime
1008 763 1161 828 dubitant
1182 770 1219 827 et
1324 801 1331 817 ι

120 886 197 932 cum
212 867 345 932 Rhetor
358 865 416 931 ille
431 866 586 948 proxime
601 872 682 949 post
696 864 773 931 illos
787 865 983 940 nominetur,
998 865 1056 948 qni
1068 866 1132 928 snb
1146 863 1217 929 Au·
1277 924 1281 931 .

120 976 222 1051 gusto
235 968 426 1045 floruerunt,
439 967 577 1031 Tiberio
589 969 701 1031 statim
713 967 809 1031 illum
820 967 1004 1048 assignem,
1019 962 1219 1046 suffragante

120 1070 255 1153 quidem
269 1070 394 1135 Tacito
414 1070 436 1133 l.
451 1070 475 1134 l.
491 1068 550 1133 sed
566 1069 775 1135 vehementer
786 1068 1030 1150 refragantibus
1044 1086 1218 1147 argumen-

119 1170 167 1233 tis
179 1188 224 1235 ex
239 1171 317 1253 ipso
332 1168 449 1234 Curtio
464 1169 590 1253 petitis.
629 1168 719 1235 Nam
734 1169 894 1235 'liberius
906 1170 1066 1253 princeps
1080 1168 1136 1233 ille
1151 1187 1219 1233 non

118 1268 193 1347 init,
206 1270 265 1352 qui
284 1268 448 1335 ‘domini'
472 1287 533 1333 seu
556 1267 718 1355 ‘capitis'
739 1270 874 1336 titulum
890 1288 988 1351 aeque
1000 1270 1154 1349 abnuens
1166 1276 1218 1335 at·

119 1390 187 1453 que
207 1371 395 1453 Angustus,
422 1371 589 1438 Dominus
600 1379 614 1407 ¹¹
644 1371 833 1456 appellatus
848 1370 1029 1454 aquodam
1044 1371 1219 1436 dennutia-

119 1470 180 1548 ιιι,
196 1490 238 1535 ne
263 1490 301 1535 se
323 1470 470 1554 amplius
491 1474 702 1537 conumslioe
723 1490 830 1537 causa
853 1472 1063 1552 nominaret3
1086 1474 1156 1555 qui,
1178 1481 1219 1537 nt

118 1574 272 1656 speciem
297 1572 463 1656 quandam
485 1572 650 1639 libertatis
669 1572 850 1647 induceret,
864 1574 1070 1637 conservatis
1086 1575 1217 1639 senatui

118 1692 161 1737 ac
187 1675 435 1756 magistratibus
449 1682 484 1739 et
498 1675 674 1759 majestate
690 1675 832 1759 pristine
845 1684 880 1738 et
894 1681 1066 1757 potestate
1076 1683 1090 1709 ¹
1111 1677 1217 1739 etiam

118 1792 311 1855 praenomen
327 1774 541 1859 Imperatoris
556 1793 803 1859 cognomenque
816 1778 924 1859 patrie
938 1778 1060 1859 patrio
1074 1796 1218 1845 recusa·

71 1942 74 1945 ,
116 1884 179 1949 rat,
194 1892 235 1938 ac
246 1893 289 1939 ne
299 1874 446 1957 Augusti
455 1876 588 1961 quidem
597 1884 742 1954 nomen,5
757 1895 948 1961 quanquam
958 1878 1217 1952 bamdiurium,

116 1976 211 2053 ullis,
236 1976 303 2041 uisi
327 1978 370 2042 ad
395 1998 491 2061 reges
514 1999 556 2044 ac
577 1979 741 2063 dynastas
755 1978 934 2062 Epistolis,
950 1978 1092 2057 addidit,
1105 1998 1217 2062 neque

116 2076 183 2141 boc
205 2079 275 2142 alia
299 2078 342 2143 de
366 2098 483 2157 causa,
509 2100 609 2163 quam
624 2080 716 2165 quod
731 2087 909 2156 remretur,
924 2098 965 2142 oe
978 2099 1075 2157 mox,
1088 2079 1217 2162 majore
1248 2106 1253 2113 ·

116 2176 297 2258 dedecore,
317 2180 425 2262 impar
449 2183 553 2245 tantis
575 2180 760 2245 honoribus
784 2179 1010 2245 inveniretur.⁸
1054 2177 1142 2258 Quae
1158 2198 1217 2243 au·

116 2290 186 2342 tom
200 2298 272 2344 nox
287 2299 387 2364 paene
398 2301 553 2365 suprema
568 2289 604 2347 et
618 2288 786 2359 tumeret,
804 2299 880 2345 cum
894 2282 1119 2364 principatum
1132 2281 1216 2346 reci·

115 2388 210 2463 peret
223 2382 403 2448 'l'iberiusl
426 2403 513 2467 quas
535 2382 630 2449 iaces
645 2383 702 2448 ille
718 2382 876 2459 extinxit,
892 2401 979 2465 quos
990 2381 1121 2464 gladios
1136 2400 1215 2446 coa·

116 2480 211 2559 didit,
228 2485 287 2566 qni
307 2503 439 2550 summa
458 2484 557 2567 pacis
581 2491 684 2567 atque
702 2485 766 2548 otii
781 2483 1023 2567 tranquillitate
1038 2483 1215 2579 imperium

116 2588 169 2646 est
182 2584 355 2668 adoptant
377 2585 479 2669 idque
492 2604 557 2649 nou
572 2584 606 2649 vi
621 2584 813 2667 quaesitum,
831 2602 898 2648 uon
920 2590 1133 2667 occupatum,
1153 2582 1215 2647 sod

117 2702 140 2746 a
156 2694 278 2750 senatu
301 2688 471 2769 precante,
491 2684 533 2749 ad
550 2704 657 2766 genna
671 2685 936 2767 procumbente,⁸
956 2685 1163 2768 postquam
1152 2704 1215 2750 rnr-

115 2786 362 2870 pudentissinro
377 2788 479 2851 mimo
496 2786 554 2853 diu
565 2786 659 2851 illum
673 2784 905 2864 ludificasset,''
930 2786 1044 2851 ultro
1034 2788 1101 2870 rpsi
1116 2787 1215 2870 qnasi

116 2888 321 2972 invitissimo
348 2889 509 2955 oblatum.
553 2884 643 2965 Quo
671 2888 893 2952 membrorum
920 2886 1104 2965 discordie,
1136 2906 1214 2956 enm

115 2966 292 3068 Consules,
307 2995 433 3074 patres,
458 2989 826 3073 equitesineernitinm
844 2995 1004 3066 ruentes,
1028 3008 1131 3054 nuum
1154 2990 1215 3054 Ti·

113 3092 257 3167 beriam,
271 3102 434 3157 maturum
448 3090 557 3168 auum,
572 3094 764 3173 spectatam
783 3089 873 3155 bello
891 3096 1008 3155 natum
1030 3096 1214 3175 aptumque

113 3192 273 3257 amima
300 3212 466 3257 consensu
491 3191 701 3258 declararent
725 3192 769 3256 ad
788 3192 919 3276 imperii
941 3197 1069 3255 tautam
1091 3192 1215 3257 molem
1351 3188 1355 3195 '

114 3291 362 3370 sustinendam,
378 3298 548 3382 eteuucta
570 3292 706 3373 regendi
729 3312 817 3359 onus
838 3292 1069 3357 toleranduml
1114 3292 1213 3357 Sedi-

111 3396 236 3472 tioues,
252 3414 330 3480 qnae
345 3396 472 3472 ιιιιιιιι,
494 3415 570 3459 cum
584 3396 758 3479 imperium
771 3394 965 3479 recepisset,
977 3394 1011 3457 in
1026 3391 1163 3477 Illyrico
1179 3401 1214 3459 et

112 3498 147 3561 in
174 3494 358 3561 Germania
381 3498 628 3575 exoriebsntnr,
659 3496 792 3569 minime
819 3496 888 3561 buc
909 3493 1105 3560 revocandae
1126 3502 1214 3572 sont,

112 3616 192 3663 nam
206 3596 275 3663 illae
286 3616 352 3663 non
367 3598 607 3664 antecedebant
617 3599 689 3683 ejus
699 3599 886 3682 imperinm,
897 3596 959 3661 sed
971 3598 1214 3678 sequebantur3

112 3698 298 3781 irarumque
313 3698 404 3763 laces
428 3718 495 3763 non
518 3700 674 3777 extinxit,
697 3700 757 3765 sed
783 3698 1011 3783 compararim
1033 3703 1135 3781 atque
1155 3698 1214 3763 isti

111 3799 289 3864 exercitus
303 3819 368 3863 non
389 3801 686 3877 tumultuabantur,
702 3820 779 3865 cnm
793 3801 867 3864 sine
881 3818 944 3863 suo
959 3798 1072 3880 capite
1084 3796 1213 3864 discor·

143 4008 155 4035 ¹
172 3998 282 4049 Seetou.
292 3998 381 4049 Tibsr.
392 4002 432 4048 27.
715 4006 726 4035 ¹
742 3997 824 4049 Τιιιι.
838 3996 931 4047 dunel.
942 4010 963 4047 ι.
973 3989 999 4047 ι.
1011 4003 1040 4049 ιι
1049 4002 1089 4049 11.

142 4084 155 4111 ¹
174 4072 216 4124 ld.
228 4073 291 4124 ibid.
302 4078 343 4123 ιι.
714 4075 726 4108 b
742 4072 945 4125 aesinantem.
957 4075 998 4144 ιι.

141 4150 214 4199 rld.
227 4148 290 4199 ibid.
302 4154 344 4201 ae.
715 4158 725 4185 ⁸
742 4149 827 4199 Tacit.
849 4149 866 4197 l.
888 4149 905 4198 l.
924 4145 995 4198 coni.
1019 4146 1098 4201 etiam
1117 4150 1212 4201 velleii

142 4234 153 4262 ¹
169 4224 211 4277 ld.
223 4224 286 4275 ibid.
297 4228 339 4277 ιι.
682 4224 791 4275 Patere.
803 4221 906 4273 illator.
918 4235 953 4272 ιι.
963 4224 1020 4275 ιιι.
