2925 4867
251 389 298 454 ω
648 398 679 446 r.
702 395 956 446 murusunarrr

252 541 412 604 musteus
424 539 538 610 mallat,
553 558 590 597 an
606 537 686 598 dorni
704 540 847 617 accipere.
890 538 957 597 Nou
973 544 1085 597 ueteres
1101 545 1215 596 tanturn
1230 533 1349 611 iujurias

256 636 451 698 Vindimdtss
464 655 549 700 0⁸⁸0:
570 635 625 694 aed
647 655 781 713 praeseus
805 635 935 694 dedecus
958 632 1167 702 amoliendum,
1190 631 1299 708 ereptis
1314 645 1350 688 err

251 735 415 794 Persarum
447 731 588 792 seruitute
614 730 729 790 Graecis
754 729 934 802 civitatibus,
958 749 1026 808 quac
1053 728 1152 787 Asiam
1177 727 1351 787 incolerent.

255 828 502 890 Commodissime
522 826 553 885 id
574 825 636 884 lieri
657 845 758 905 posse,
779 825 862 897 dum,
882 825 1053 905 compositis
1073 825 1104 884 ia
1122 824 1240 882 Gracia
1254 823 1352 892 rebus,

255 927 409 987 universas
422 925 498 984 viras
511 923 542 982 iu
555 923 783 982 transmarinum
804 921 914 982 bellum
936 931 1105 981 convertere
1120 921 1243 980 liberum
1259 931 1351 978 esset.

258 1023 306 1082 16.
329 1020 510 1082 Domesticae
519 1019 612 1080 etiara
625 1019 717 1098 quieti
728 1020 892 1079 curatione
906 1028 1094 1098 prospectum
1114 1016 1160 1089 iri,
1174 1016 1281 1076 amotis
1301 1033 1352 1072 oc·

256 1118 431 1198 cupatisqaa
451 1116 613 1195 lonpnqaa
632 1115 746 1188 militia,
761 1116 811 1194 qui
830 1116 918 1174 otiosi
939 1112 1093 1174 discordiis
1108 1123 1138 1173 et
1159 1111 1287 1171 audacia
1306 1129 1352 1170 res

256 1200 376 1274 turbare
388 1213 622 1274 consuevissent.
661 1213 888 1272 constituerent
901 1211 989 1290 igitur
1006 1226 1066 1288 quo
1086 1209 1274 1288 imperatore,
1287 1207 1352 1284 qui-

256 1311 374 1388 busque
386 1310 481 1387 copiis
497 1309 608 1369 bellurn
622 1309 702 1368 istrrd
716 1307 984 1368 administrandum
1003 1304 1171 1366 uteretur!
1215 1305 1262 1363 l7.
1285 1301 1353 1360 Nun

256 1405 380 1466 {allebat
404 1406 563 1485 plerosque
588 1416 734 1485 quantum
762 1424 779 1464 e
804 1405 957 1484 republica
981 1413 1147 1484 peteretur:
1182 1399 1237 1460 sed
1266 1399 1353 1458 armis

257 1499 399 1561 amissam
411 1502 577 1564 ubertatem
589 1502 827 1581 intempestiuum
839 1501 993 1561 ridebatur
1006 1499 1100 1558 uerbis
1114 1505 1258 1576 repetere.
1303 1495 1355 1553 Ni·

259 1595 302 1656 bil
314 1616 387 1678 argo
404 1599 571 1659 dubitatum
589 1608 646 1670 ast,
669 1600 741 1678 quin
765 1599 870 1658 faustis
892 1595 1154 1657 acclamationibus
1179 1590 1355 1671 ‘Philippus

259 1691 420 1771 imperator
432 1694 559 1756 Graeciae
572 1694 613 1754 ad
633 1694 818 1769 liberandum
840 1695 939 1754 orbem
962 1702 1104 1752 tertarum
1123 1690 1154 1748 iu
1169 1689 1274 1748 Asiam
1286 1701 1355 1767 pto-

259 1789 369 1848 iicisci'
389 1789 550 1869 juberetur.
596 1791 642 1851 la.
665 1791 831 1870 Descriptae
857 1788 964 1850 deiude
993 1787 1176 1866 singulorum
1204 1803 1297 1864 opes;
1327 1795 1358 1844 et

259 1895 402 1961 mantum
428 1884 554 1964 quisque
577 1885 714 1958 militana,
741 1886 940 1965 frumentique
961 1893 991 1946 et
1009 1883 1143 1964 pecunie
1166 1881 1309 1954 mitteret,
1326 1881 1357 1940 in

260 1980 377 2040 tabulas
390 1979 515 2041 relatum
528 1991 586 2042 ost.
622 1985 761 2044 Duceota
772 1983 923 2062 pedituras
935 1980 1103 2061 quindecim
1119 1980 1253 2058 equitum
1266 1975 1359 2036 millia

260 2078 406 2154 promissa
419 2077 512 2137 iubae
524 2078 653 2157 reperim
675 2080 836 2138 cumines
851 2095 972 2138 numero
984 2092 1081 2155 neque
1097 2071 1292 2146 Macedones,
1307 2085 1359 2132 ne-

260 2191 318 2249 que
332 2183 470 2250 parentes
485 2171 702 2233 Macedonibus
717 2175 832 2233 barbari
847 2181 1046 2234 censerentur.

302 2267 356 2328 IX.
380 2270 407 2328 1.
424 2268 573 2340 Ceratum,
587 2279 621 2328 ut
643 2269 708 2329 siue
729 2270 857 2328 mixtura
871 2265 1048 2327 calamitatis
1064 2265 1145 2325 nullu
1159 2263 1189 2323 iu
1204 2265 1293 2324 rebus
1306 2265 1362 2323 bu·

261 2362 356 2422 manis
370 2362 496 2434 felicitas
519 2377 576 2435 est,
589 2383 639 2424 res
663 2364 734 2424 loris
758 2377 914 2445 prosperas
939 2362 1111 2423 domesticae
1124 2361 1219 2420 turbae
1233 2376 1362 2440 excepe-
1424 2394 1429 2402 ·

262 2469 340 2516 runt.
380 2460 520 2517 Animum
541 2461 679 2538 conjugis
700 2459 781 2534 olim,
795 2472 828 2520 ut
847 2459 987 2532 diximus,
1013 2459 1180 2518 alieniorem
1202 2455 1364 2536 Olympias

260 2554 432 2614 morositate
466 2566 498 2613 et
524 2558 692 2634 arrogantia
721 2557 750 2616 iu
777 2557 842 2617 dies
875 2557 969 2635 magis
1006 2554 1161 2634 magisque
1197 2548 1364 2613 avertebat.

263 2651 293 2706 2.
315 2649 388 2710 luds
406 2647 626 2729 ‘repudiatam’
647 2652 782 2711 nonnulli
797 2653 951 2712 tradente·
975 2663 1032 2730 ego
1046 2652 1076 2710 iu
1091 2647 1194 2708 eodem
1209 2651 1365 2708 matrimo-

263 2746 315 2804 nio
328 2749 459 2806 manenti
479 2743 690 2827 Cleopatraru'
703 2725 950 2828 superinductamN
958 2739 1116 2825 comperio.
1157 2745 1221 2804 Nec
1236 2745 1316 2804 euim
1331 2745 1365 2804 in

263 2851 349 2901 tauto
363 2840 508 2902 dedecore
523 2841 702 2903 dulcissimae
721 2845 835 2916 matria,
856 2845 940 2922 cujus
962 2842 1109 2922 pudorati
1129 2843 1226 2919 ipsura
1239 2861 1368 2922 quoque

263 2934 423 3011 pertineret
440 2939 522 3010 (narn
536 2939 595 2996 ‘ub
608 2939 704 3016 stupri
718 2939 915 3017 suspicionem
928 2938 1101 3017 expulsam'
1119 2936 1247 3014 addunt)
1269 2938 1368 2998 iuter-

265 3029 371 3090 iuisset
382 3049 517 3090 aorercse
532 3033 663 3110 nuptiis:
684 3033 817 3093 interluit
830 3043 940 3105 autern,
954 3045 985 3093 et
1007 3033 1125 3092 demum
1145 3043 1215 3112 post
1235 3045 1370 3094 conteu-

264 3126 386 3197 tinnsm‚
398 3143 466 3205 qun
480 3127 510 3185 in
523 3146 560 3187 co
572 3129 707 3188 conuiuio
720 3140 883 3202 exarserat,
894 3142 1015 3190 matrem
1032 3128 1166 3188 abduxit.
1200 3129 1229 3189 3.
1245 3129 1370 3209 Quippe

265 3241 333 3280 curu
346 3223 511 3282 avunculus
527 3241 646 3304 sponsae
660 3224 789 3296 Attalus,
801 3235 870 3304 post
884 3227 1003 3304 longam
1016 3225 1265 3304 computationem
1279 3244 1372 3304 spem

265 3318 342 3378 male
364 3335 478 3398 tegens,
504 3321 655 3380 ‘orandus
686 3320 902 3382 Macedonibus
925 3323 1006 3380 Dens
1029 3320 1149 3392 diceret,
1172 3335 1206 3382 ut
1227 3337 1263 3380 etr
1284 3335 1374 3382 noua

265 3427 360 3493 nupta
374 3416 536 3494 legitimum
551 3417 635 3494 regni
654 3429 857 3478 successorem
878 3417 1034 3496 Philippus
1047 3415 1165 3476 tolleret
1174 3417 1211 3476 τέ
1231 3417 1378 3478 Alexan·-

265 3508 319 3568 der
332 3510 363 3567 iu
377 3511 450 3569 irata
465 3512 575 3590 alioqui
589 3527 734 3592 preceps,
748 3521 779 3573 et
799 3525 871 3573 tunc
893 3513 998 3592 injuria
1013 3513 1168 3578 irritatior:
1190 3520 1266 3573 ‘uus
1281 3530 1377 3594 ergo,

267 3603 405 3679 scelests,
419 3608 510 3686 spurii
533 3609 586 3668 tibi
608 3609 774 3670 ridemnrl'
795 3611 907 3689 iuquit:
932 3609 1019 3669 sirnul
1040 3607 1173 3682 calicem,
1186 3626 1273 3688 quem
1289 3611 1379 3673 forte

266 3701 373 3763 dextra
394 3703 523 3772 tenebat,
537 3704 567 3762 in
590 3725 623 3763 os
643 3700 724 3764 illius
738 3705 877 3785 impegit:
902 3705 950 3764 ille
965 3721 1082 3784 quoque
1097 3706 1221 3764 invicem
1237 3703 1382 3788 conjecit

268 3800 415 3880 poculum.
456 3803 488 3858 4.
511 3801 621 3859 anrto
641 3801 779 3872 tumultu,
795 3801 959 3881 Philippus,
980 3801 1031 3879 qui
1055 3801 1084 3858 in
1111 3800 1169 3860 elio
1182 3802 1260 3862 lecto
1276 3823 1383 3866 necu-

267 3899 380 3970 buerat,
394 3897 458 3975 ejus
473 3895 531 3956 diei
546 3896 678 3956 laetitiam
694 3897 802 3956 turbari
818 3896 941 3958 moleste
953 3898 1060 3970 ferens,
1071 3915 1142 3956 ause
1156 3901 1258 3960 stricto
1273 3901 1382 3964 Alex·

298 4084 305 4117 ¹
321 4080 419 4136 Jrrstiu.
429 4085 479 4137 l.l.
868 4086 879 4119 b
897 4085 999 4133 urrisu.
1018 4097 1062 4132 ιιι.
1078 4087 1104 4133 6.
1121 4098 1171 4132 non
1190 4085 1388 4151 Cleopatram,

299 4161 401 4210 ⁸Ptnr.
426 4160 504 4211 Ales.
523 4163 619 4224 pm.
638 4159 735 4212 Juttin.
755 4172 794 4214 tx.
836 4159 1040 4223 sedEurydicau
1052 4168 1204 4210 camuocat.

269 4241 323 4289 ao.
869 4243 880 4270 ²
898 4233 967 4286 Plut.
979 4236 997 4284 1.
1008 4237 1025 4285 l.
1037 4231 1135 4287 Justin.
1148 4249 1187 4288 rx.
1199 4241 1224 4287 7.
1235 4241 1260 4289 ³.
