2925 4867
261 363 307 428 84
658 375 688 427 r.
712 375 964 428 rnsrusrrmrrr

260 520 365 600 flagitii
380 534 491 579 merces
505 518 601 590 detur,
621 517 706 578 utilia
718 537 738 577 a
752 517 859 588 noxiis,
880 526 961 576 recta
980 516 1017 575 ab
1040 515 1204 575 inhonestis
1217 533 1279 574 non
1294 513 1355 574 dis·

261 618 419 696 tinguunt:
439 617 533 687 lucro,
554 634 615 674 non
641 614 749 675 affectu
773 613 888 673 virtutis
912 613 1093 691 autpertum,
1115 631 1213 692 neque
1229 611 1362 671 Deorum

262 711 447 772 hominumve
471 711 633 771 reverentia
657 711 816 772 ducuntur.
861 713 906 769 18.
930 709 1028 770 Nolite
1050 709 1166 769 honesti
1181 708 1295 788 aliquid
1311 717 1364 768 aut

264 808 374 887 egregii
398 816 552 887 expectere
576 808 614 866 ab
635 806 681 867 bis
702 807 891 867 hominibus:
914 808 1019 866 vestris
1034 806 1208 865 utilitatibus
1223 823 1284 865 non
1299 823 1362 864 mo·

264 916 377 976 rentur,
399 904 449 982 qui
471 903 576 984 patriae
599 915 660 964 tam
685 903 762 963 male
787 900 957 966 consulunt.
1002 902 1154 983 lmplicare
1176 920 1230 960 vos
1256 901 1364 961 volunt

262 1001 367 1062 iisdem
380 1000 610 1073 calamitatibus,
630 1020 667 1058 ex
691 999 799 1079 quibus
824 991 912 1059 modo
936 998 1137 1060 Macedonum
1151 998 1259 1059 virtute
1273 1009 1363 1076 atque

263 1097 322 1156 fide
336 1096 451 1156 liberati
464 1096 556 1155 estis:
572 1105 714 1174 tantoque
728 1096 899 1175 majoribus,
915 1105 1027 1174 quanto
1041 1093 1255 1154 formidabilior
1268 1093 1364 1154 hostis

263 1193 380 1253 futurus
393 1202 474 1252 esset
487 1191 652 1270 Philippus,
668 1188 758 1269 'quam
774 1190 968 1261 Philomelus,
984 1200 1036 1250 aut
1048 1189 1254 1250 Onomarchus
1270 1191 1364 1252 fuera.

268 1291 316 1348 19.
331 1289 408 1347 Nam
422 1289 452 1346 in
466 1287 598 1365 precario
612 1286 734 1364 imperio
748 1287 836 1346 etiarn
851 1287 921 1346 boni
934 1286 1019 1346 ducis
1031 1294 1155 1346 conatus
1171 1285 1252 1346 haud
1266 1285 1364 1344 minus

263 1385 344 1444 cirea
369 1403 458 1462 quam
478 1381 579 1442 hostes
605 1381 810 1462 praepediunt:
843 1401 945 1462 regum
965 1381 1058 1461 jussis
1083 1399 1170 1441 nemo
1194 1379 1365 1452 intercedit,

264 1499 351 1540 nemo
365 1481 549 1559 refragatur:
570 1480 658 1538 unius
672 1479 792 1538 arbitrio
807 1479 905 1538 cuncti
919 1486 1071 1556 reguntur.
1113 1478 1147 1536 ln
1174 1497 1245 1556 quo,
1267 1495 1364 1556 quau-

264 1589 328 1642 tum
340 1576 371 1634 in
386 1577 473 1636 rebus
486 1574 601 1634 bellicis
615 1583 796 1634 momentum
812 1574 860 1646 sit,
875 1592 933 1632 non
950 1573 1103 1652 ignoratis.
1153 1575 1202 1632 20.
1225 1572 1291 1632 Nec
1300 1573 1365 1651 jam

264 1672 295 1730 in
316 1691 377 1731 uno
395 1690 517 1750 corpore
542 1668 757 1730 Macedonibus
780 1669 811 1728 id
834 1669 1004 1750 prresidium
1026 1681 1083 1730 est.
1124 1668 1295 1748 Philippum
1309 1671 1365 1729 etsi

265 1769 360 1827 fatum
383 1767 521 1838 auferret,
541 1765 711 1826 Alexander
734 1778 897 1845 regenerat,
918 1767 968 1844 qui
987 1766 1050 1845 jam
1063 1767 1094 1824 in
1109 1765 1293 1826 adolescenti
1309 1765 1366 1826 hac

265 1873 365 1936 astate,
385 1883 422 1922 ea
435 1862 524 1922 animi
544 1861 713 1941 ingeniique
739 1861 919 1922 documenta
942 1860 1046 1934 edidit,
1067 1871 1100 1921 ut
1120 1880 1211 1941 prope
1234 1871 1366 1931 constet,

266 1959 387 2019 summis
410 1958 633 2038 imperatoribus
655 1977 757 2038 parem
779 1978 845 2018 esse
868 1959 1008 2018 futurum.
1060 1961 1110 2016 21.
1143 1959 1256 2017 Contra
1285 1955 1366 2038 apud

265 2055 463 2116 Athenienses
477 2055 559 2135 pacis
573 2054 703 2134 bellique
717 2055 877 2126 arbitrium,
896 2053 966 2133 quia
979 2072 1070 2135 penes
1084 2072 1187 2114 omnes
1203 2063 1260 2124 est,
1283 2053 1366 2112 velut

264 2152 296 2210 in
306 2151 403 2210 medio
418 2152 546 2231 positum
559 2149 774 2210 audacissimus
788 2149 915 2228 quisque
926 2149 965 2208 ad
980 2168 1012 2208 se
1023 2149 1131 2209 trahit:
1146 2150 1258 2230 impetu
1269 2149 1364 2230 magis

264 2265 354 2325 quam
368 2245 491 2306 consilio
505 2255 613 2305 cuncta
627 2255 773 2324 aguntur:
796 2244 929 2304 homines
943 2244 1063 2324 maligni
1078 2244 1217 2316 suadent,
1238 2244 1366 2325 imperiti

265 2343 447 2401 decernunt:
460 2340 571 2400 bellum
584 2341 709 2399 sumitur
723 2340 897 2411 animosius,
911 2359 999 2420 quam
1014 2340 1142 2418 geritur:
1156 2339 1269 2400 foedera
1283 2340 1366 2402 haud

238 2453 244 2461 ·
265 2437 370 2497 minori
386 2436 526 2496 facilitate
540 2454 628 2514 quam
637 2436 763 2515 junxere
778 2436 898 2497 violant.
941 2439 991 2496 22.
1009 2437 1086 2496 Nam
1101 2446 1131 2496 et
1143 2457 1211 2498 eum
1225 2436 1367 2518 Philippo

265 2533 362 2593 foedus
384 2532 456 2614 ipsis
478 2544 543 2592 est:
565 2532 758 2612 quodquam
781 2545 883 2592 sancte
908 2543 1034 2607 servent,
1056 2552 1086 2592 re
1110 2535 1176 2614 ipsa
1189 2533 1364 2594 declarant:

266 2650 322 2690 neo
334 2631 411 2690 enim
426 2650 478 2710 pro
493 2628 627 2688 aelidem
642 2628 769 2689 violasse
784 2630 856 2690 satis
870 2629 999 2696 habents
1023 2628 1079 2688 nisi
1103 2649 1155 2710 per
1173 2629 1254 2710 ipsos
1275 2632 1366 2691 latius

265 2738 365 2804 serpat
378 2727 436 2784 ista
449 2727 599 2804 contagio.
642 2727 691 2785 23.
717 2727 826 2786 Vestra
839 2735 937 2786 autem
950 2727 1130 2796 constantia,
1143 2726 1290 2802 Thebani,
1305 2748 1367 2810 qna

264 2841 324 2881 non
338 2821 436 2881 minus
450 2841 538 2901 quam
553 2823 641 2881 rebus
661 2822 774 2882 fortiter
794 2821 975 2901 feliciterque
999 2823 1089 2900 gestis
1111 2821 1211 2902 magni
1232 2821 1366 2906 clarique

264 2916 422 2989 habemini,
443 2937 502 2977 non
517 2918 587 2976 sinit
599 2917 759 2996 ambigere,
779 2919 850 2996 quin
867 2919 965 2978 multis
980 2920 1189 2999 experimentis
1211 2921 1367 3000 cognitam

264 3017 343 3095 regis
357 3015 523 3086 amicitiam,
544 3033 660 3093 semper
673 3014 792 3074 infestae
808 3016 982 3094 remulreque
996 3015 1105 3074 civitati
1120 3014 1271 3094 praelaturi
1287 3017 1366 3079 sitis.

264 3113 314 3170 24.
337 3112 441 3192 Neque
461 3130 531 3171 vero
546 3120 754 3171 averruncator
766 3111 910 3174 malorum
926 3111 1070 3172 Hercules
1086 3112 1194 3184 siverit,
1216 3125 1251 3171 ut
1275 3133 1366 3192 quem

264 3207 435 3286 indigenam
455 3207 607 3286 civemque
628 3206 726 3265 Deum
749 3207 899 3287 praecipua
921 3208 1062 3288 religione
1084 3208 1193 3282 colitis,
1213 3210 1279 3287 ejus
1295 3229 1367 3270 san-

263 3303 384 3382 guinem
395 3303 483 3382 impio
497 3303 667 3382 injustoque
679 3303 759 3363 bello
773 3304 1000 3384 persequamini.
1030 3305 1106 3362 Nam
1118 3317 1232 3366 ceteros
1242 3306 1368 3384 quidem

264 3401 372 3470 socios,
398 3418 487 3477 quam
511 3399 649 3458 amicitiae
677 3401 766 3478 regite
789 3421 848 3460 non
874 3401 1027 3480 poeniteat,
1048 3421 1086 3459 ex
1109 3400 1180 3478 ipsis
1205 3421 1259 3462 ros
1285 3405 1368 3462 malo

197 3559 201 3566 ,
265 3495 467 3574 cognoscere)
520 3497 570 3553 25.
600 3495 674 3555 llaec
698 3495 827 3576 Python.
878 3497 979 3556 Auditi
1001 3496 1068 3556 dein
1093 3496 1240 3556 sociorum
1261 3497 1369 3577 legati,

264 3588 377 3669 prolixe
401 3589 607 3648 commendato
627 3593 703 3668 regis
726 3593 835 3664 auimo,
859 3594 1034 3672 petiverunt,
1065 3602 1072 3627 ‘
1091 3605 1124 3653 ut
1144 3593 1241 3671 ipsum
1264 3597 1368 3672 potius

266 3685 392 3744 Graeciae
416 3682 571 3758 vindicem,
593 3703 681 3763 quam
705 3689 923 3764 perturbatores
946 3689 1009 3766 ejus
1034 3688 1230 3750 Athenienses
1256 3709 1369 3770 seque·

265 3780 386 3840 rentur.'

306 3875 374 3934 Vll.
409 3875 436 3934 l.
459 3876 498 3933 At
513 3874 730 3938 Demosthenes
746 3880 825 3940 faeta
841 3878 960 3939 dicendi
983 3890 1140 3959 potestate,
1163 3882 1253 3942 ‘Non
1276 3885 1371 3962 igno-

264 3970 404 4041 rabam,’·
432 3969 536 4048 inquit,
560 3972 652 4031 'istos
675 3973 803 4054 Philippi
830 3976 1024 4036 mercenarios
1049 3993 1145 4056 neque
1167 3977 1307 4042 laudibus
1334 3983 1370 4041 in

330 4211 345 4239 ⁸
359 4204 493 4256 Talabara
505 4205 599 4256 Oratio
610 4223 625 4258 e
637 4207 790 4276 Philippicis
802 4213 897 4275 passim
909 4213 1106 4264 Demostheneis
1117 4213 1237 4266 desumta
1248 4223 1298 4264 est.
