2925 4867
569 400 790 457 rannerius.
1202 396 1225 459 7
1364 386 1369 393 ’

129 570 207 637 quse
223 570 301 619 sane
321 566 377 617 res
400 550 539 617 nesse
565 550 731 635 equalem
751 566 818 615 non
840 551 1023 617 movisset!
1054 551 1223 618 Jnm‘enm

129 660 215 719 ‘non
240 651 423 720 intectnm'
452 651 534 718 dicit
556 657 619 717 ‘ee
642 651 881 737 superstitione
907 649 1050 728 mentis,'
1073 659 1112 717 ut
1128 660 1223 717 vates

128 756 348 832 consuluerit,
362 768 412 818 rv.
423 748 521 820 (1.11.
532 750 606 837 jam
619 758 736 818 ‘vetes
746 753 904 818 adbibere
918 753 1066 834 coepisse
1078 768 1100 817 a
1110 768 1224 836 snper-

129 857 270 922 stitiona
285 854 404 921 onimi'
420 872 454 920 v.
472 856 503 919 1.
526 854 559 919 1.
583 854 655 938 janr
679 854 946 937 ‘superstitionis
967 871 1033 918 non
1054 859 1224 936 potentem

126 956 253 1023 inisse'
277 969 345 1023 vrr.
359 959 394 1021 7.
409 956 462 1022 21.
478 956 557 1020 017.
573 954 605 1020 8.
620 952 632 990 ‘
641 968 718 1019 cnm
733 960 813 1037 post
827 954 967 1018 Dorium
978 954 1101 1019 rictum
1115 949 1225 1019 bario·

126 1060 182 1124 ios
205 1066 242 1123 st
258 1064 358 1123 nates
374 1054 550 1123 consulere
563 1054 735 1132 desiisset,
748 1071 866 1119 rursus
885 1054 927 1118 ad
949 1054 1222 1137 superstitionem

124 1158 349 1223 humanarum
362 1154 529 1241 gentium’
552 1157 619 1241 (sic
639 1146 801 1221 codices:
817 1155 1016 1219 ‘mentium'
1030 1163 1225 1236 receperent

126 1259 274 1324 editores
286 1276 332 1322 ex
353 1260 548 1345 conjectura
569 1252 743 1338 Palmarii)
756 1253 939 1320 ‘indibria’
955 1255 1040 1338 (quo
1054 1255 1223 1319 vocabulo

128 1358 199 1423 alio
221 1358 299 1423 ioco
320 1358 402 1423 artis
424 1356 566 1440 menese
591 1356 772 1420 vanitatem
787 1352 898 1438 notat)
910 1358 921 1390 ‘
933 1354 1117 1420 revolutum
1130 1356 1224 1419 esse.'

126 1449 283 1537 -Qnam
298 1474 419 1542 aspera
432 1472 674 1541 quoqne-roos
696 1452 864 1519 invehitur
885 1450 1022 1519 corbos
1035 1456 1070 1519 in
1089 1456 1224 1539 mytbos

126 1556 327 1625 Graecorum
350 1559 506 1624 innoxios
524 1566 561 1625 et
582 1559 805 1627 immerentes,
818 1548 967 1639 mython
990 1554 1033 1619 de
1057 1548 1224 1639 Nymphis

128 1658 280 1742 biarsyte
294 1674 405 1725 amore
425 1658 560 1725 retentis
583 1652 704 1724 inscito
728 1657 896 1722 vocabulo
916 1648 1118 1721 ‘Poetarum
1133 1674 1223 1722 men·

125 1758 281 1824 dacium’
296 1758 486 1843 appellans,
503 1774 560 1827 rrr,
570 1759 602 1822 1.
616 1758 650 1823 4.
666 1766 700 1822 01
714 1758 785 1822 alio
795 1758 872 1821 ioco
884 1751 1092 1822 vrrr.10.12.
1108 1758 1224 1837 ‘inda'

125 1860 439 1935 scribens,amonte
448 1856 1025 1937 Mero,Grmoi‘mentienditraxere
1032 1857 1224 1936 licentiam,¹

126 1958 228 2026 Jovis
242 1960 366 2025 semine
388 1956 543 2025 Liberum
563 1966 690 2043 petrem
706 1976 781 2024 assa
794 1959 951 2025 celatum.
995 1954 1084 2038 Ques
1097 1958 1221 2025 iormu·

127 2060 172 2125 las
197 2078 279 2125 sane
302 2060 523 2125 christianum
538 2060 645 2143 mapa
660 2059 789 2137 decent,
803 2076 905 2143 quam
919 2059 1144 2143 antiquiorum
1161 2060 1222 2125 ali·

125 2178 240 2245 quarm
254 2160 348 2225 bisce
362 2160 483 2245 mythis
496 2178 517 2225 a
530 2160 676 2244 pueritia
690 2160 869 2225 imbutum.
899 2157 990 2225 11100
1002 2174 1085 2225 uero
1095 2162 1221 2237 omnia,
1261 2178 1266 2185 ·

126 2262 283 2343 quamvis
296 2260 340 2324 ad
354 2265 484 2325 oetatem
499 2258 606 2325 Curtii
620 2258 838 2324 definiendam
861 2274 928 2323 non
948 2258 1128 2337 sufficiant,
1151 2280 1221 2326 mo

124 2368 347 2438 nenttarnsn,
369 2380 412 2426 ne
434 2361 634 2444 simpliciter
649 2360 828 2425 Perizonio
843 2360 1027 2427 credamus.
1076 2361 1221 2426 Possunt

125 2462 213 2528 adeo
240 2463 285 2527 sd
312 2462 343 2527 1.
358 2463 397 2526 F.
416 2462 443 2529 1.
460 2463 623 2545 Bagnoio,
648 2456 803 2539 comitis,
828 2460 1040 2539 sententiam,
1074 2462 1110 2527 in
1133 2462 1218 2527 iibro

127 2562 248 2629 ‘Delie
264 2563 370 2630 Gsnte
394 2561 517 2628 Geraia
541 2582 560 2627 e
583 2558 660 2628 dell'
675 2562 742 2627 Ete
764 2562 799 2625 di
822 2560 868 2640 Q.
884 2559 1007 2627 cunio
1021 2559 1220 2627 l'Historico

127 2660 422 2746 monumento:
443 2664 606 2730 Bononiae
632 2663 729 2729 1741.
755 2664 789 2729 8.
820 2662 947 2745 publici
970 2661 1057 2745 juris
1080 2661 1218 2738 factam,

126 2767 366 2849 propensiores
376 2764 511 2829 reddere
526 2763 677 2830 lectores.
700 2764 831 2831 Retulit
841 2761 991 2829 Curtium
1007 2760 1052 2828 ad
1066 2769 1219 2846 ternpore

126 2860 337 2930 Constantini
353 2860 481 2946 Magni,
506 2865 691 2929 rationibus
707 2865 848 2959 exJoco
870 2863 1030 2929 curtiano
1045 2882 1137 2947 saepe
1151 2865 1219 2929 ian·

126 2964 219 3041 tiato,
233 2981 332 3047 quem
348 2964 398 3029 sic
420 2963 488 3028 iere
508 2964 757 3048 interpretator,
771 2966 902 3047 petitis:
923 2962 1070 3030 Verbis:
1093 2967 1219 3049 ‘qood-

128 3082 196 3147 qna
222 3063 417 3149 irnperinm'
437 3063 726 3150 (Macedonicum)
747 3066 919 3130 ‘sub-nno
932 3072 1024 3130 stare
1045 3067 1217 3148 potuisset,

125 3163 207 3229 riom
221 3182 243 3229 a
257 3164 407 3249 pluribus
422 3165 613 3243 sustinetur,
636 3165 723 3244 ruit:
739 3165 812 3249 jam
835 3164 956 3249 respici
978 3165 1021 3230 ad
1046 3166 1218 3231 turbatum

128 3264 260 3349 imperii
275 3263 420 3329 Romani
435 3272 515 3349 post
527 3264 721 3332 Constantii
743 3271 884 3330 mortem
909 3272 1041 3344 statum,
1065 3268 1217 3351 pluribus

127 3368 164 3431 in
178 3366 320 3432 diversis
333 3366 520 3451 provinciis
535 3386 698 3432 summanr
712 3386 817 3432 rerum
832 3368 1068 3432 obtinentibus.
1114 3366 1217 3434 Hanc

128 3468 174 3533 ob
197 3486 336 3533 canem
355 3466 429 3550 jam
450 3468 558 3533 ruisse
581 3468 757 3551 imperinm
783 3466 993 3549 Romanum
1022 3468 1114 3552 qood
1139 3488 1217 3533 vero

129 3584 208 3633 cum
219 3566 458 3633 Constantinus
472 3567 507 3631 in
521 3574 617 3633 tantu
631 3566 778 3633 omnium
791 3586 896 3661 rernm
912 3569 1156 3652 perturbatione
1169 3571 1218 3634 ita

126 3669 343 3745 resbtnisset,
356 3676 394 3734 nt
416 3669 490 3752 ipse
512 3671 575 3735 toti
601 3675 771 3754 praeesset,
787 3669 906 3734 merito
928 3657 1089 3754 populum
1116 3670 1217 3734 Rom.

128 3770 208 3835 boio
222 3769 374 3853 Principi
390 3769 527 3836 salumin
542 3788 636 3835 snum
650 3770 779 3836 debere.
823 3769 909 3835 Cum
926 3770 999 3834 sine
1019 3788 1082 3835 sno
1104 3773 1216 3853 capite

125 3869 347 3954 (Constantio
359 3880 499 3950 mortuo,
513 3872 567 3937 rel
581 3872 696 3955 potius
711 3872 785 3936 sins
796 3888 864 3935 uno
878 3872 1003 3954 capite,
1024 3888 1091 3935 nno
1106 3869 1217 3953 impe-

125 3968 253 4054 ratore)
273 3970 441 4035 discordia
453 3973 603 4037 membra
618 3971 847 4057 trepidassent,
870 3971 929 4036 aiii
944 3972 1111 4036 exercitus
1125 3971 1217 4036 aiio·

126 4088 197 4157 qne
210 4071 391 4154 provinciae
406 4070 507 4138 alium
522 4072 644 4139 ducem
668 4081 793 4139 secutae
816 4083 942 4153 essent,
965 4071 1119 4156 bellaque
1134 4072 1217 4139 ciri·

104 4174 178 4243 ,lia
206 4176 392 4259 parassent,
428 4172 679 4243 Constantinum
708 4174 742 4241 in
778 4175 950 4242 Britannia
979 4175 1216 4259 Imperatorem
